<?xml version="1.0" encoding="UTF-8"?>
<!DOCTYPE html PUBLIC "-//W3C//DTD XHTML 1.0 Transitional//EN"
    "http://www.w3.org/TR/xhtml1/DTD/xhtml1-transitional.dtd">
<html xmlns="http://www.w3.org/1999/xhtml" xml:lang="en" lang="en">
 <head>
  <title>
</title>
<meta http-equiv="Content-Type" content="text/html;charset=utf-8" />
  <meta name='ocr-system' content='tesseract 3.04.00' />
  <meta name='ocr-capabilities' content='ocr_page ocr_carea ocr_par ocr_line ocrx_word'/>
</head>
<body>
  <div class='ocr_page' id='page_1' title='image "bibliothecaclas83lemagoog_0048.png"; bbox 0 0 2618 4808; ppageno 0'>
   <div class='ocr_carea' id='block_1_1' title="bbox 182 378 1132 491">
    <p class='ocr_par' dir='ltr' id='par_1_1' title="bbox 182 378 1132 491">
     <span class='ocr_line' id='line_1_1' title="bbox 182 378 1132 491; baseline -0.006 -42"><span class='ocrx_word' id='word_1_1' title='bbox 182 383 248 449; x_wconf 85' lang='lat' dir='ltr'>DE</span> <span class='ocrx_word' id='word_1_2' title='bbox 279 380 448 448; x_wconf 87' lang='lat' dir='ltr'>OPERE</span> <span class='ocrx_word' id='word_1_3' title='bbox 476 378 1013 491; x_wconf 78' lang='lat' dir='ltr'>METAMQRPHOSEON.</span> <span class='ocrx_word' id='word_1_4' title='bbox 1098 402 1132 443; x_wconf 86' lang='lat'>11</span> 
     </span>
    </p>
   </div>
   <div class='ocr_carea' id='block_1_2' title="bbox 144 510 823 712">
    <p class='ocr_par' dir='ltr' id='par_1_2' title="bbox 144 510 823 712">
     <span class='ocr_line' id='line_1_2' title="bbox 144 510 798 615; baseline -0.003 -33"><span class='ocrx_word' id='word_1_5' title='bbox 144 522 234 583; x_wconf 85' lang='lat' dir='ltr'>-Parte</span> <span class='ocrx_word' id='word_1_6' title='bbox 243 510 292 582; x_wconf 78' lang='lat' dir='ltr'>sui</span> <span class='ocrx_word' id='word_1_7' title='bbox 307 521 424 582; x_wconf 85' lang='lat' dir='ltr'>meliore</span> <span class='ocrx_word' id='word_1_8' title='bbox 438 521 530 615; x_wconf 82' lang='lat' dir='ltr'>viget,</span> <span class='ocrx_word' id='word_1_9' title='bbox 544 522 691 605; x_wconf 72' lang='lat' dir='ltr'>maiorque</span> <span class='ocrx_word' id='word_1_10' title='bbox 707 520 798 583; x_wconf 85' lang='lat' dir='ltr'>videri</span> 
     </span>
     <span class='ocr_line' id='line_1_3' title="bbox 153 627 823 712; baseline -0.001 -24"><span class='ocrx_word' id='word_1_11' title='bbox 153 627 266 708; x_wconf 88' lang='lat' dir='ltr'>Coepit,</span> <span class='ocrx_word' id='word_1_12' title='bbox 277 639 310 687; x_wconf 85' lang='lat' dir='ltr'>et</span> <span class='ocrx_word' id='word_1_13' title='bbox 319 639 438 710; x_wconf 86' lang='lat' dir='ltr'>augusta</span> <span class='ocrx_word' id='word_1_14' title='bbox 452 627 513 689; x_wconf 85' lang='lat' dir='ltr'>fieri</span> <span class='ocrx_word' id='word_1_15' title='bbox 525 628 660 712; x_wconf 87' lang='lat' dir='ltr'>gravitate</span> <span class='ocrx_word' id='word_1_16' title='bbox 673 627 823 689; x_wconf 81' lang='lat' dir='ltr'>verendus.</span> 
     </span>
    </p>
   </div>
   <div class='ocr_carea' id='block_1_3' title="bbox 68 782 1138 1023">
    <p class='ocr_par' dir='ltr' id='par_1_3' title="bbox 68 782 1138 1023">
     <span class='ocr_line' id='line_1_4' title="bbox 68 782 1138 889; baseline 0 -33"><span class='ocrx_word' id='word_1_17' title='bbox 68 782 134 856; x_wconf 87' lang='lat' dir='ltr'>His</span> <span class='ocrx_word' id='word_1_18' title='bbox 153 782 258 877; x_wconf 90' lang='lat' dir='ltr'>igitur</span> <span class='ocrx_word' id='word_1_19' title='bbox 273 800 306 855; x_wconf 90' lang='lat' dir='ltr'>et</span> <span class='ocrx_word' id='word_1_20' title='bbox 324 782 448 857; x_wconf 86' lang='lat' dir='ltr'>talibus</span> <span class='ocrx_word' id='word_1_21' title='bbox 467 783 638 878; x_wconf 82' lang='lat' dir='ltr'>ingenium</span> <span class='ocrx_word' id='word_1_22' title='bbox 658 783 738 858; x_wconf 88' lang='lat' dir='ltr'>satis</span> <span class='ocrx_word' id='word_1_23' title='bbox 752 783 940 857; x_wconf 87' lang='lat' dir='ltr'>ostentavit.</span> <span class='ocrx_word' id='word_1_24' title='bbox 964 783 1074 889; x_wconf 60' lang='lat' dir='ltr'>Iquco</span> <span class='ocrx_word' id='word_1_25' title='bbox 1090 800 1138 856; x_wconf 92' lang='lat' dir='ltr'>ta-</span> 
     </span>
     <span class='ocr_line' id='line_1_5' title="bbox 71 916 1137 1023; baseline -0.001 -34"><span class='ocrx_word' id='word_1_26' title='bbox 71 946 163 1005; x_wconf 86' lang='lat' dir='ltr'>men,</span> <span class='ocrx_word' id='word_1_27' title='bbox 178 917 215 988; x_wconf 91' lang='lat' dir='ltr'>in</span> <span class='ocrx_word' id='word_1_28' title='bbox 223 946 321 1017; x_wconf 90' lang='lat' dir='ltr'>quarn</span> <span class='ocrx_word' id='word_1_29' title='bbox 337 916 465 1023; x_wconf 65' lang='lat' dir='ltr'>lyricus</span> <span class='ocrx_word' id='word_1_30' title='bbox 476 934 636 1004; x_wconf 85' lang='lat' dir='ltr'>mutatus,</span> <span class='ocrx_word' id='word_1_31' title='bbox 649 945 719 990; x_wconf 92' lang='lat' dir='ltr'>non</span> <span class='ocrx_word' id='word_1_32' title='bbox 731 917 922 1017; x_wconf 80' lang='lat' dir='ltr'>descripsit3</span> <span class='ocrx_word' id='word_1_33' title='bbox 932 942 1040 1016; x_wconf 88' lang='lat' dir='ltr'>neque</span> <span class='ocrx_word' id='word_1_34' title='bbox 1053 916 1137 1000; x_wconf 79' lang='lat' dir='ltr'>cirin,</span> 
     </span>
    </p>
   </div>
   <div class='ocr_carea' id='block_1_4' title="bbox 72 1045 1138 1172">
    <p class='ocr_par' dir='ltr' id='par_1_4' title="bbox 72 1045 1138 1172">
     <span class='ocr_line' id='line_1_6' title="bbox 72 1045 1138 1172; baseline 0.001 -52"><span class='ocrx_word' id='word_1_35' title='bbox 72 1049 166 1147; x_wconf 85' lang='lat' dir='ltr'>cujus</span> <span class='ocrx_word' id='word_1_36' title='bbox 173 1046 316 1172; x_wconf 76' lang='lat' dir='ltr'>formam</span> <span class='ocrx_word' id='word_1_37' title='bbox 324 1046 437 1148; x_wconf 78' lang='lat' dir='ltr'>Scylla</span> <span class='ocrx_word' id='word_1_38' title='bbox 445 1046 623 1135; x_wconf 76' lang='lat' dir='ltr'>adsumsit,</span> <span class='ocrx_word' id='word_1_39' title='bbox 638 1077 828 1149; x_wconf 80' lang='lat' dir='ltr'>quanquam</span> <span class='ocrx_word' id='word_1_40' title='bbox 839 1047 897 1122; x_wconf 88' lang='lat' dir='ltr'>illa</span> <span class='ocrx_word' id='word_1_41' title='bbox 907 1047 975 1121; x_wconf 84' lang='lat' dir='ltr'>lera</span> <span class='ocrx_word' id='word_1_42' title='bbox 986 1045 1138 1135; x_wconf 84' lang='lat' dir='ltr'>maculis,</span> 
     </span>
    </p>
   </div>
   <div class='ocr_carea' id='block_1_5' title="bbox 70 1178 1150 4211">
    <p class='ocr_par' dir='ltr' id='par_1_5' title="bbox 70 1178 1141 1412">
     <span class='ocr_line' id='line_1_7' title="bbox 70 1178 1141 1280; baseline 0 -28"><span class='ocrx_word' id='word_1_43' title='bbox 70 1181 139 1253; x_wconf 84' lang='lat' dir='ltr'>hac</span> <span class='ocrx_word' id='word_1_44' title='bbox 163 1178 233 1253; x_wconf 79' lang='lat' dir='ltr'>atis</span> <span class='ocrx_word' id='word_1_45' title='bbox 256 1178 507 1280; x_wconf 83' lang='lat' dir='ltr'>pulchritudine</span> <span class='ocrx_word' id='word_1_46' title='bbox 525 1180 668 1275; x_wconf 89' lang='lat' dir='ltr'>insignis</span> <span class='ocrx_word' id='word_1_47' title='bbox 689 1210 698 1254; x_wconf 78' lang='grc' dir='ltr'><strong><em>ε</em></strong></span> <span class='ocrx_word' id='word_1_48' title='bbox 721 1209 782 1254; x_wconf 90' lang='lat' dir='ltr'>nec</span> <span class='ocrx_word' id='word_1_49' title='bbox 801 1209 875 1254; x_wconf 87' lang='lat' dir='ltr'>aves</span> <span class='ocrx_word' id='word_1_50' title='bbox 893 1179 973 1254; x_wconf 88' lang='lat' dir='ltr'>satis</span> <span class='ocrx_word' id='word_1_51' title='bbox 993 1178 1141 1266; x_wconf 85' lang='lat' dir='ltr'>notavit,</span> 
     </span>
     <span class='ocr_line' id='line_1_8' title="bbox 72 1309 992 1412; baseline -0.002 -27"><span class='ocrx_word' id='word_1_52' title='bbox 72 1341 214 1412; x_wconf 84' lang='lat' dir='ltr'>quarum</span> <span class='ocrx_word' id='word_1_53' title='bbox 227 1309 368 1406; x_wconf 85' lang='lat' dir='ltr'>liguram</span> <span class='ocrx_word' id='word_1_54' title='bbox 386 1311 503 1385; x_wconf 82' lang='lat' dir='ltr'>Letoia</span> <span class='ocrx_word' id='word_1_55' title='bbox 520 1310 683 1412; x_wconf 79' lang='lat' dir='ltr'>Meleagri</span> <span class='ocrx_word' id='word_1_56' title='bbox 699 1312 874 1386; x_wconf 85' lang='lat' dir='ltr'>sororibus</span> <span class='ocrx_word' id='word_1_57' title='bbox 892 1310 992 1386; x_wconf 87' lang='lat' dir='ltr'>dedit.</span> 
     </span>
    </p>

    <p class='ocr_par' dir='ltr' id='par_1_6' title="bbox 74 1444 1150 4211">
     <span class='ocr_line' id='line_1_9' title="bbox 120 1444 1144 1546; baseline 0.001 -30"><span class='ocrx_word' id='word_1_58' title='bbox 120 1448 249 1519; x_wconf 87' lang='lat' dir='ltr'>Verum</span> <span class='ocrx_word' id='word_1_59' title='bbox 263 1444 571 1520; x_wconf 80' lang='lat' dir='ltr'>transformationes</span> <span class='ocrx_word' id='word_1_60' title='bbox 582 1446 679 1546; x_wconf 79' lang='lat' dir='ltr'>ipsae,</span> <span class='ocrx_word' id='word_1_61' title='bbox 692 1444 769 1521; x_wconf 91' lang='lat' dir='ltr'>licet</span> <span class='ocrx_word' id='word_1_62' title='bbox 776 1446 853 1520; x_wconf 91' lang='lat' dir='ltr'>inde</span> <span class='ocrx_word' id='word_1_63' title='bbox 865 1473 993 1521; x_wconf 88' lang='lat' dir='ltr'>carmen</span> <span class='ocrx_word' id='word_1_64' title='bbox 1008 1445 1144 1546; x_wconf 87' lang='lat' dir='ltr'>inscrip-</span> 
     </span>
     <span class='ocr_line' id='line_1_10' title="bbox 75 1575 1142 1678; baseline 0.003 -31"><span class='ocrx_word' id='word_1_65' title='bbox 75 1593 143 1650; x_wconf 85' lang='lat' dir='ltr'>tum</span> <span class='ocrx_word' id='word_1_66' title='bbox 163 1576 227 1663; x_wconf 90' lang='lat' dir='ltr'>sit,</span> <span class='ocrx_word' id='word_1_67' title='bbox 252 1576 424 1651; x_wconf 82' lang='lat' dir='ltr'>minimam</span> <span class='ocrx_word' id='word_1_68' title='bbox 441 1576 512 1676; x_wconf 83' lang='lat' dir='ltr'>ejus</span> <span class='ocrx_word' id='word_1_69' title='bbox 528 1595 657 1678; x_wconf 89' lang='lat' dir='ltr'>partem</span> <span class='ocrx_word' id='word_1_70' title='bbox 674 1578 894 1653; x_wconf 86' lang='lat' dir='ltr'>constituunt.</span> <span class='ocrx_word' id='word_1_71' title='bbox 926 1581 974 1650; x_wconf 92' lang='lat' dir='ltr'>Ut</span> <span class='ocrx_word' id='word_1_72' title='bbox 997 1575 1142 1678; x_wconf 89' lang='lat' dir='ltr'>amplum</span> 
     </span>
     <span class='ocr_line' id='line_1_11' title="bbox 74 1708 1142 1811; baseline 0.002 -31"><span class='ocrx_word' id='word_1_73' title='bbox 74 1708 224 1808; x_wconf 87' lang='lat' dir='ltr'>prodiret</span> <span class='ocrx_word' id='word_1_74' title='bbox 238 1737 341 1809; x_wconf 87' lang='lat' dir='ltr'>opus,</span> <span class='ocrx_word' id='word_1_75' title='bbox 360 1728 427 1784; x_wconf 88' lang='lat' dir='ltr'>tam</span> <span class='ocrx_word' id='word_1_76' title='bbox 445 1738 483 1784; x_wconf 89' lang='lat' dir='ltr'>ea</span> <span class='ocrx_word' id='word_1_77' title='bbox 499 1727 598 1811; x_wconf 88' lang='lat' dir='ltr'>poeta</span> <span class='ocrx_word' id='word_1_78' title='bbox 614 1711 747 1811; x_wconf 92' lang='lat' dir='ltr'>copiose</span> <span class='ocrx_word' id='word_1_79' title='bbox 760 1728 954 1811; x_wconf 89' lang='lat' dir='ltr'>persecutus</span> <span class='ocrx_word' id='word_1_80' title='bbox 969 1727 1035 1798; x_wconf 86' lang='lat' dir='ltr'>est,</span> <span class='ocrx_word' id='word_1_81' title='bbox 1053 1710 1142 1783; x_wconf 90' lang='lat' dir='ltr'>unde</span> 
     </span>
     <span class='ocr_line' id='line_1_12' title="bbox 75 1841 1143 1943; baseline 0.001 -30"><span class='ocrx_word' id='word_1_82' title='bbox 75 1842 359 1942; x_wconf 84' lang='lat' dir='ltr'>metamorphoses</span> <span class='ocrx_word' id='word_1_83' title='bbox 381 1841 543 1943; x_wconf 82' lang='lat' dir='ltr'>pendent,</span> <span class='ocrx_word' id='word_1_84' title='bbox 564 1871 663 1942; x_wconf 91' lang='lat' dir='ltr'>quam</span> <span class='ocrx_word' id='word_1_85' title='bbox 681 1841 744 1915; x_wconf 90' lang='lat' dir='ltr'>alia</span> <span class='ocrx_word' id='word_1_86' title='bbox 765 1842 940 1915; x_wconf 86' lang='lat' dir='ltr'>admiscuit</span> <span class='ocrx_word' id='word_1_87' title='bbox 961 1871 980 1914; x_wconf 88' lang='lat' dir='ltr'>a</span> <span class='ocrx_word' id='word_1_88' title='bbox 1002 1841 1143 1915; x_wconf 91' lang='lat' dir='ltr'>consilio</span> 
     </span>
     <span class='ocr_line' id='line_1_13' title="bbox 75 1972 1144 2050; baseline 0.001 -3"><span class='ocrx_word' id='word_1_89' title='bbox 75 2004 142 2047; x_wconf 90' lang='lat' dir='ltr'>non</span> <span class='ocrx_word' id='word_1_90' title='bbox 157 1975 274 2049; x_wconf 93' lang='lat' dir='ltr'>aliena.</span> <span class='ocrx_word' id='word_1_91' title='bbox 300 1975 521 2050; x_wconf 88' lang='lat' dir='ltr'>Phaethontis</span> <span class='ocrx_word' id='word_1_92' title='bbox 538 1974 606 2047; x_wconf 83' lang='lat' dir='ltr'>sata</span> <span class='ocrx_word' id='word_1_93' title='bbox 622 1972 747 2048; x_wconf 90' lang='lat' dir='ltr'>nnllam</span> <span class='ocrx_word' id='word_1_94' title='bbox 763 1973 889 2047; x_wconf 89' lang='lat' dir='ltr'>habent</span> <span class='ocrx_word' id='word_1_95' title='bbox 906 1974 1020 2049; x_wconf 83' lang='lat' dir='ltr'>lormae</span> <span class='ocrx_word' id='word_1_96' title='bbox 1036 1992 1144 2048; x_wconf 91' lang='lat' dir='ltr'>muta·</span> 
     </span>
     <span class='ocr_line' id='line_1_14' title="bbox 79 2106 1143 2207; baseline -0.002 -27"><span class='ocrx_word' id='word_1_97' title='bbox 79 2109 219 2196; x_wconf 84' lang='lat' dir='ltr'>tionem3</span> <span class='ocrx_word' id='word_1_98' title='bbox 234 2110 277 2182; x_wconf 85' lang='lat' dir='ltr'>iis</span> <span class='ocrx_word' id='word_1_99' title='bbox 290 2126 397 2183; x_wconf 87' lang='lat' dir='ltr'>tamen</span> <span class='ocrx_word' id='word_1_100' title='bbox 415 2136 569 2203; x_wconf 86' lang='lat' dir='ltr'>magnam</span> <span class='ocrx_word' id='word_1_101' title='bbox 585 2106 663 2181; x_wconf 87' lang='lat' dir='ltr'>libri</span> <span class='ocrx_word' id='word_1_102' title='bbox 679 2106 817 2181; x_wconf 90' lang='lat' dir='ltr'>secundi</span> <span class='ocrx_word' id='word_1_103' title='bbox 833 2124 961 2207; x_wconf 85' lang='lat' dir='ltr'>partem</span> <span class='ocrx_word' id='word_1_104' title='bbox 977 2106 1143 2207; x_wconf 88' lang='lat' dir='ltr'>implevit,</span> 
     </span>
     <span class='ocr_line' id='line_1_15' title="bbox 78 2238 1144 2341; baseline 0 -28"><span class='ocrx_word' id='word_1_105' title='bbox 78 2258 115 2314; x_wconf 90' lang='lat' dir='ltr'>ut</span> <span class='ocrx_word' id='word_1_106' title='bbox 126 2269 187 2341; x_wconf 93' lang='lat' dir='ltr'>per</span> <span class='ocrx_word' id='word_1_107' title='bbox 203 2269 241 2315; x_wconf 91' lang='lat' dir='ltr'>ea</span> <span class='ocrx_word' id='word_1_108' title='bbox 257 2239 299 2315; x_wconf 91' lang='lat' dir='ltr'>ad</span> <span class='ocrx_word' id='word_1_109' title='bbox 316 2268 448 2315; x_wconf 89' lang='lat' dir='ltr'>sorores</span> <span class='ocrx_word' id='word_1_110' title='bbox 466 2240 636 2328; x_wconf 86' lang='lat' dir='ltr'>transiret,</span> <span class='ocrx_word' id='word_1_111' title='bbox 649 2241 686 2315; x_wconf 91' lang='lat' dir='ltr'>iu</span> <span class='ocrx_word' id='word_1_112' title='bbox 698 2240 852 2326; x_wconf 85' lang='lat' dir='ltr'>arbores,</span> <span class='ocrx_word' id='word_1_113' title='bbox 872 2239 953 2314; x_wconf 91' lang='lat' dir='ltr'>dum</span> <span class='ocrx_word' id='word_1_114' title='bbox 964 2238 1076 2312; x_wconf 84' lang='lat' dir='ltr'>fratris</span> <span class='ocrx_word' id='word_1_115' title='bbox 1091 2268 1144 2313; x_wconf 92' lang='lat' dir='ltr'>ca-</span> 
     </span>
     <span class='ocr_line' id='line_1_16' title="bbox 79 2369 1145 2470; baseline 0 -24"><span class='ocrx_word' id='word_1_116' title='bbox 79 2400 150 2446; x_wconf 91' lang='lat' dir='ltr'>sum</span> <span class='ocrx_word' id='word_1_117' title='bbox 171 2373 308 2470; x_wconf 90' lang='lat' dir='ltr'>lugent,</span> <span class='ocrx_word' id='word_1_118' title='bbox 335 2403 455 2450; x_wconf 87' lang='lat' dir='ltr'>versas.</span> <span class='ocrx_word' id='word_1_119' title='bbox 486 2374 632 2448; x_wconf 87' lang='lat' dir='ltr'>Mutatio</span> <span class='ocrx_word' id='word_1_120' title='bbox 652 2401 807 2448; x_wconf 89' lang='lat' dir='ltr'>sororum</span> <span class='ocrx_word' id='word_1_121' title='bbox 828 2369 991 2468; x_wconf 73' lang='lat' dir='ltr'>Meleagri</span> <span class='ocrx_word' id='word_1_122' title='bbox 1009 2372 1145 2446; x_wconf 86' lang='lat' dir='ltr'>duobus</span> 
     </span>
     <span class='ocr_line' id='line_1_17' title="bbox 79 2505 1145 2607; baseline 0.005 -30"><span class='ocrx_word' id='word_1_123' title='bbox 79 2506 228 2581; x_wconf 77' lang='lat' dir='ltr'>versibus</span> <span class='ocrx_word' id='word_1_124' title='bbox 247 2505 450 2597; x_wconf 89' lang='lat' dir='ltr'>absolvitur;</span> <span class='ocrx_word' id='word_1_125' title='bbox 464 2508 522 2582; x_wconf 92' lang='lat' dir='ltr'>sed</span> <span class='ocrx_word' id='word_1_126' title='bbox 535 2507 577 2581; x_wconf 89' lang='lat' dir='ltr'>ad</span> <span class='ocrx_word' id='word_1_127' title='bbox 591 2535 661 2583; x_wconf 89' lang='lat' dir='ltr'>earn</span> <span class='ocrx_word' id='word_1_128' title='bbox 673 2507 869 2603; x_wconf 89' lang='lat' dir='ltr'>longissima</span> <span class='ocrx_word' id='word_1_129' title='bbox 881 2506 938 2581; x_wconf 89' lang='lat' dir='ltr'>illa</span> <span class='ocrx_word' id='word_1_130' title='bbox 952 2521 1033 2607; x_wconf 82' lang='grc' dir='ltr'>ρήσει</span> <span class='ocrx_word' id='word_1_131' title='bbox 1041 2509 1145 2595; x_wconf 87' lang='lat' dir='ltr'>VIII,</span> 
     </span>
     <span class='ocr_line' id='line_1_18' title="bbox 81 2635 1146 2742; baseline 0.008 -34"><span class='ocrx_word' id='word_1_132' title='bbox 81 2635 263 2730; x_wconf 71' lang='lat' dir='ltr'>alio-543,</span> <span class='ocrx_word' id='word_1_133' title='bbox 282 2639 487 2740; x_wconf 88' lang='lat' dir='ltr'>pervenitur,</span> <span class='ocrx_word' id='word_1_134' title='bbox 509 2669 581 2741; x_wconf 87' lang='lat' dir='ltr'>quae</span> <span class='ocrx_word' id='word_1_135' title='bbox 605 2657 678 2714; x_wconf 90' lang='lat' dir='ltr'>tota</span> <span class='ocrx_word' id='word_1_136' title='bbox 694 2641 729 2713; x_wconf 92' lang='lat' dir='ltr'>in</span> <span class='ocrx_word' id='word_1_137' title='bbox 746 2641 819 2741; x_wconf 90' lang='lat' dir='ltr'>apri</span> <span class='ocrx_word' id='word_1_138' title='bbox 846 2640 1021 2742; x_wconf 85' lang='lat' dir='ltr'>Calydonii</span> <span class='ocrx_word' id='word_1_139' title='bbox 1046 2671 1146 2716; x_wconf 87' lang='lat' dir='ltr'>vena-</span> 
     </span>
     <span class='ocr_line' id='line_1_19' title="bbox 82 2769 1144 2873; baseline 0.005 -31"><span class='ocrx_word' id='word_1_140' title='bbox 82 2769 168 2843; x_wconf 86' lang='lat' dir='ltr'>tione</span> <span class='ocrx_word' id='word_1_141' title='bbox 191 2786 224 2843; x_wconf 90' lang='lat' dir='ltr'>et</span> <span class='ocrx_word' id='word_1_142' title='bbox 245 2771 281 2843; x_wconf 93' lang='lat' dir='ltr'>in</span> <span class='ocrx_word' id='word_1_143' title='bbox 305 2770 393 2845; x_wconf 88' lang='lat' dir='ltr'>lucta</span> <span class='ocrx_word' id='word_1_144' title='bbox 409 2770 565 2860; x_wconf 76' lang='lat' dir='ltr'>Althaea,</span> <span class='ocrx_word' id='word_1_145' title='bbox 584 2771 654 2846; x_wconf 90' lang='lat' dir='ltr'>filio</span> <span class='ocrx_word' id='word_1_146' title='bbox 672 2801 785 2847; x_wconf 87' lang='lat' dir='ltr'>necem</span> <span class='ocrx_word' id='word_1_147' title='bbox 803 2773 967 2873; x_wconf 90' lang='lat' dir='ltr'>parantis,</span> <span class='ocrx_word' id='word_1_148' title='bbox 985 2790 1144 2848; x_wconf 84' lang='lat' dir='ltr'>versatur.</span> 
     </span>
     <span class='ocr_line' id='line_1_20' title="bbox 82 2902 1146 3004; baseline 0.004 -30"><span class='ocrx_word' id='word_1_149' title='bbox 82 2902 260 2990; x_wconf 86' lang='lat' dir='ltr'>AEsonem,</span> <span class='ocrx_word' id='word_1_150' title='bbox 274 2903 409 2977; x_wconf 85' lang='lat' dir='ltr'>Jasonis</span> <span class='ocrx_word' id='word_1_151' title='bbox 418 2921 546 3004; x_wconf 90' lang='lat' dir='ltr'>patrem</span> <span class='ocrx_word' id='word_1_152' title='bbox 556 2905 726 3003; x_wconf 86' lang='lat' dir='ltr'>,juvenem</span> <span class='ocrx_word' id='word_1_153' title='bbox 735 2904 855 2979; x_wconf 91' lang='lat' dir='ltr'>Medea</span> <span class='ocrx_word' id='word_1_154' title='bbox 861 2905 1058 2979; x_wconf 87' lang='lat' dir='ltr'>reddiderat.</span> <span class='ocrx_word' id='word_1_155' title='bbox 1071 2907 1146 2979; x_wconf 87' lang='lat' dir='ltr'>Hoc</span> 
     </span>
     <span class='ocr_line' id='line_1_21' title="bbox 82 3034 1147 3138; baseline 0.006 -33"><span class='ocrx_word' id='word_1_156' title='bbox 82 3052 271 3110; x_wconf 88' lang='lat' dir='ltr'>narraturus</span> <span class='ocrx_word' id='word_1_157' title='bbox 292 3034 435 3109; x_wconf 83' lang='lat' dir='ltr'>Ovidius</span> <span class='ocrx_word' id='word_1_158' title='bbox 452 3038 533 3125; x_wconf 90' lang='lat' dir='ltr'>Vll,</span> <span class='ocrx_word' id='word_1_159' title='bbox 562 3037 786 3138; x_wconf 82' lang='lat' dir='ltr'>159-293,in</span> <span class='ocrx_word' id='word_1_160' title='bbox 805 3056 909 3114; x_wconf 84' lang='lat' dir='ltr'>totam</span> <span class='ocrx_word' id='word_1_161' title='bbox 924 3056 1028 3112; x_wconf 90' lang='lat' dir='ltr'>artem</span> <span class='ocrx_word' id='word_1_162' title='bbox 1042 3039 1147 3134; x_wconf 86' lang='lat' dir='ltr'>magi·</span> 
     </span>
     <span class='ocr_line' id='line_1_22' title="bbox 83 3170 1149 3272; baseline 0.004 -29"><span class='ocrx_word' id='word_1_163' title='bbox 83 3198 152 3243; x_wconf 87' lang='lat' dir='ltr'>cam</span> <span class='ocrx_word' id='word_1_164' title='bbox 168 3170 322 3245; x_wconf 80' lang='lat' dir='ltr'>excurrit.</span> <span class='ocrx_word' id='word_1_165' title='bbox 344 3171 494 3260; x_wconf 85' lang='lat' dir='ltr'>Pestem,</span> <span class='ocrx_word' id='word_1_166' title='bbox 515 3200 587 3272; x_wconf 84' lang='lat' dir='ltr'>quae</span> <span class='ocrx_word' id='word_1_167' title='bbox 610 3173 767 3267; x_wconf 84' lang='lat' dir='ltr'>AEginam</span> <span class='ocrx_word' id='word_1_168' title='bbox 789 3173 932 3247; x_wconf 89' lang='lat' dir='ltr'>insulam</span> <span class='ocrx_word' id='word_1_169' title='bbox 954 3173 1149 3248; x_wconf 82' lang='lat' dir='ltr'>exhauserat</span> 
     </span>
     <span class='ocr_line' id='line_1_23' title="bbox 82 3299 1147 3406; baseline 0.005 -31"><span class='ocrx_word' id='word_1_170' title='bbox 82 3299 215 3392; x_wconf 86' lang='lat' dir='ltr'>incolis,</span> <span class='ocrx_word' id='word_1_171' title='bbox 232 3305 428 3406; x_wconf 89' lang='lat' dir='ltr'>Minoisque</span> <span class='ocrx_word' id='word_1_172' title='bbox 445 3334 520 3380; x_wconf 90' lang='lat' dir='ltr'>cum</span> <span class='ocrx_word' id='word_1_173' title='bbox 534 3306 798 3381; x_wconf 82' lang='lat' dir='ltr'>Atheniensibus</span> <span class='ocrx_word' id='word_1_174' title='bbox 812 3307 937 3380; x_wconf 89' lang='lat' dir='ltr'>bellum</span> <span class='ocrx_word' id='word_1_175' title='bbox 949 3308 1049 3380; x_wconf 91' lang='lat' dir='ltr'>nobis</span> <span class='ocrx_word' id='word_1_176' title='bbox 1063 3308 1147 3392; x_wconf 87' lang='lat' dir='ltr'>VII,</span> 
     </span>
     <span class='ocr_line' id='line_1_24' title="bbox 84 3438 1146 3542; baseline 0.001 -31"><span class='ocrx_word' id='word_1_177' title='bbox 84 3438 151 3538; x_wconf 68' lang='lat'>472</span> <span class='ocrx_word' id='word_1_178' title='bbox 174 3468 272 3540; x_wconf 87' lang='lat' dir='ltr'>sqq,</span> <span class='ocrx_word' id='word_1_179' title='bbox 295 3439 427 3528; x_wconf 84' lang='lat' dir='ltr'>retulit,</span> <span class='ocrx_word' id='word_1_180' title='bbox 444 3457 484 3513; x_wconf 91' lang='lat' dir='ltr'>nt</span> <span class='ocrx_word' id='word_1_181' title='bbox 501 3440 754 3542; x_wconf 83' lang='lat' dir='ltr'>Myrmidonum</span> <span class='ocrx_word' id='word_1_182' title='bbox 776 3471 794 3516; x_wconf 94' lang='lat' dir='ltr'>e</span> <span class='ocrx_word' id='word_1_183' title='bbox 819 3442 966 3515; x_wconf 79' lang='lat' dir='ltr'>formicis</span> <span class='ocrx_word' id='word_1_184' title='bbox 984 3442 1146 3535; x_wconf 89' lang='lat' dir='ltr'>originem</span> 
     </span>
     <span class='ocr_line' id='line_1_25' title="bbox 83 3570 1149 3675; baseline -0.001 -31"><span class='ocrx_word' id='word_1_185' title='bbox 83 3570 246 3670; x_wconf 88' lang='lat' dir='ltr'>proderet.</span> <span class='ocrx_word' id='word_1_186' title='bbox 267 3573 386 3672; x_wconf 35' lang='lat' dir='ltr'>&#39;Locus</span> <span class='ocrx_word' id='word_1_187' title='bbox 407 3575 494 3661; x_wconf 89' lang='lat' dir='ltr'>Vll,</span> <span class='ocrx_word' id='word_1_188' title='bbox 517 3571 645 3661; x_wconf 86' lang='lat'><strong>1-158‚</strong></span> <span class='ocrx_word' id='word_1_189' title='bbox 663 3573 765 3649; x_wconf 85' lang='lat' dir='ltr'>babet</span> <span class='ocrx_word' id='word_1_190' title='bbox 781 3574 915 3675; x_wconf 92' lang='lat' dir='ltr'>quidem</span> <span class='ocrx_word' id='word_1_191' title='bbox 931 3572 1149 3646; x_wconf 83' lang='lat' dir='ltr'>mutationem</span> 
     </span>
     <span class='ocr_line' id='line_1_26' title="bbox 85 3701 1148 3805; baseline 0.006 -33"><span class='ocrx_word' id='word_1_192' title='bbox 85 3701 231 3777; x_wconf 91' lang='lat' dir='ltr'>dentium</span> <span class='ocrx_word' id='word_1_193' title='bbox 245 3719 394 3777; x_wconf 87' lang='lat' dir='ltr'>satorum</span> <span class='ocrx_word' id='word_1_194' title='bbox 409 3704 445 3777; x_wconf 91' lang='lat' dir='ltr'>in</span> <span class='ocrx_word' id='word_1_195' title='bbox 457 3705 564 3793; x_wconf 86' lang='lat' dir='ltr'>viros,</span> <span class='ocrx_word' id='word_1_196' title='bbox 584 3705 642 3778; x_wconf 89' lang='lat' dir='ltr'>sed</span> <span class='ocrx_word' id='word_1_197' title='bbox 654 3705 768 3805; x_wconf 88' lang='lat' dir='ltr'>paucis</span> <span class='ocrx_word' id='word_1_198' title='bbox 779 3705 930 3778; x_wconf 83' lang='lat' dir='ltr'>versibus</span> <span class='ocrx_word' id='word_1_199' title='bbox 943 3703 1126 3804; x_wconf 83' lang='lat' dir='ltr'>expositam</span> <span class='ocrx_word' id='word_1_200' title='bbox 1138 3732 1148 3791; x_wconf 89' lang='lat'>;</span> 
     </span>
     <span class='ocr_line' id='line_1_27' title="bbox 84 3821 1149 3935; baseline 0.004 -30"><span class='ocrx_word' id='word_1_201' title='bbox 84 3821 209 3935; x_wconf 85' lang='lat' dir='ltr'>reliqua</span> <span class='ocrx_word' id='word_1_202' title='bbox 232 3835 269 3908; x_wconf 91' lang='lat' dir='ltr'>in</span> <span class='ocrx_word' id='word_1_203' title='bbox 293 3835 422 3909; x_wconf 88' lang='lat' dir='ltr'>Minois</span> <span class='ocrx_word' id='word_1_204' title='bbox 438 3835 546 3909; x_wconf 81' lang='lat' dir='ltr'>forma</span> <span class='ocrx_word' id='word_1_205' title='bbox 562 3853 595 3909; x_wconf 92' lang='lat' dir='ltr'>et</span> <span class='ocrx_word' id='word_1_206' title='bbox 611 3836 647 3909; x_wconf 92' lang='lat' dir='ltr'>in</span> <span class='ocrx_word' id='word_1_207' title='bbox 663 3864 784 3910; x_wconf 85' lang='lat' dir='ltr'>vesano</span> <span class='ocrx_word' id='word_1_208' title='bbox 801 3835 927 3910; x_wconf 87' lang='lat' dir='ltr'>Modeae</span> <span class='ocrx_word' id='word_1_209' title='bbox 950 3864 1060 3909; x_wconf 88' lang='lat' dir='ltr'>amore</span> <span class='ocrx_word' id='word_1_210' title='bbox 1085 3865 1149 3909; x_wconf 92' lang='lat' dir='ltr'>no-</span> 
     </span>
     <span class='ocr_line' id='line_1_28' title="bbox 85 3966 1150 4075; baseline 0.003 -36"><span class='ocrx_word' id='word_1_211' title='bbox 85 3966 182 4039; x_wconf 86' lang='lat' dir='ltr'>tando</span> <span class='ocrx_word' id='word_1_212' title='bbox 201 3985 386 4075; x_wconf 75' lang='lat' dir='ltr'>uersentur.</span> <span class='ocrx_word' id='word_1_213' title='bbox 404 3967 459 4041; x_wconf 86' lang='lat' dir='ltr'>sic</span> <span class='ocrx_word' id='word_1_214' title='bbox 473 3968 743 4042; x_wconf 85' lang='lat' dir='ltr'>numerosissima</span> <span class='ocrx_word' id='word_1_215' title='bbox 758 3985 866 4069; x_wconf 83' lang='lat' dir='ltr'>poetae</span> <span class='ocrx_word' id='word_1_216' title='bbox 882 3968 1010 4043; x_wconf 85' lang='lat' dir='ltr'>occasio</span> <span class='ocrx_word' id='word_1_217' title='bbox 1030 3967 1150 4042; x_wconf 83' lang='lat' dir='ltr'>offere-</span> 
     </span>
     <span class='ocr_line' id='line_1_29' title="bbox 84 4095 1148 4211; baseline 0.005 -40"><span class='ocrx_word' id='word_1_218' title='bbox 84 4095 179 4211; x_wconf 85' lang='lat' dir='ltr'>batur</span> <span class='ocrx_word' id='word_1_219' title='bbox 205 4101 381 4176; x_wconf 89' lang='lat' dir='ltr'>innumera</span> <span class='ocrx_word' id='word_1_220' title='bbox 404 4099 624 4190; x_wconf 87' lang='lat' dir='ltr'>admiscendi,</span> <span class='ocrx_word' id='word_1_221' title='bbox 649 4130 722 4201; x_wconf 83' lang='lat' dir='ltr'>quae</span> <span class='ocrx_word' id='word_1_222' title='bbox 749 4102 930 4202; x_wconf 86' lang='lat' dir='ltr'>antiquitas</span> <span class='ocrx_word' id='word_1_223' title='bbox 954 4102 1051 4194; x_wconf 88' lang='lat' dir='ltr'>tulit,</span> <span class='ocrx_word' id='word_1_224' title='bbox 1075 4132 1148 4204; x_wconf 87' lang='lat' dir='ltr'>quae</span> 
     </span>
    </p>
   </div>
   <div class='ocr_carea' id='block_1_6' title="bbox 0 0 1333 4808">
    <p class='ocr_par' dir='ltr' id='par_1_7' title="bbox 0 0 1333 4808">
     <span class='ocr_line' id='line_1_30' title="bbox 0 0 1333 4808; baseline 0 0"><span class='ocrx_word' id='word_1_225' title='bbox 0 0 1333 4808; x_wconf 95' lang='lat' dir='ltr'> </span> 
     </span>
    </p>
   </div>
  </div>
 </body>
</html>
