2618 4808
185 358 229 463 aa
572 395 868 464 runrnrro

183 538 268 627 lion,
287 538 319 628 Ι,
339 535 497 626 351-62,
515 557 548 612 et
560 538 667 612 multo
679 537 798 612 melius
811 536 1000 638 Cephalus,
1016 538 1098 626 tlt,
1117 537 1191 640 690
1203 538 1264 615 fin.

182 793 253 880 Vl,
272 792 343 886 455
360 822 454 895 sqq„
472 793 592 866 summi
604 791 727 866 firroris
740 793 887 879 Procne,
910 819 993 864 vers.
1010 789 1087 864 610·
1098 821 1172 894 sqq.
1192 795 1265 868 Sed

181 914 216 988 in
232 914 350 1016 primis
362 916 537 990 memorari
553 934 722 990 merentur
741 915 833 1004 loca,
855 914 891 989 in
908 913 1038 1017 quibus-
1051 916 1264 1017 perturbatio

182 1039 303 1114 mentis
320 1038 474 1114 cumalia
498 1040 750 1140 perturbatione
765 1057 832 1140 ant
851 1068 927 1114 cum
949 1067 1028 1114 sana
1050 1039 1179 1114 ratione
1204 1040 1262 1115 diu

181 1181 329 1266 pugnat,
344 1163 431 1238 utin
444 1162 713 1254 animoMedeae,
730 1168 816 1254 Vll,
836 1192 879 1238 10
891 1194 986 1266 sqq.,
1004 1161 1135 1264 Scyllae,
1153 1167 1261 1256 VIII,

181 1287 309 1381 44-80,
320 1285 469 1376 Althaeae,
483 1285 618 1380 462-51
628 1316 658 1377 1,
669 1288 837 1390 Byblidis,
847 1291 911 1377 IX,
924 1286 995 1388 473
1005 1316 1091 1389 sqq,
1101 1289 1261 1389 Myrrhae,

180 1416 237 1501 X,
265 1411 338 1486 320
355 1441 429 1513 sqq.
448 1415 528 1487 Hac
544 1414 624 1488 satis
639 1415 804 1516 probant,
832 1415 995 1511 egregiam
1017 1413 1140 1488 ovidio
1158 1413 1263 1490 fuisse

179 1537 280 1612 animi
306 1527 443 1613 humani
466 1539 645 1614 scientiam.
676 1543 798 1615 Parum
827 1559 964 1629 contra,
990 1543 1046 1628 ΙΙ,
1077 1538 1259 1635 381-400,

179 1667 329 1742 Phoebus
345 1666 474 1768 placet,
504 1666 612 1768 quiin
629 1668 722 1742 luctu
744 1687 777 1741 et
798 1668 846 1742 ira
869 1667 991 1742 stultos
1011 1668 1163 1743 homines
1185 1670 1264 1744 imi-

84 1780 86 1784 Α
179 1810 278 1867 tatur.
302 1794 469 1869 Perversis
490 1795 698 1870 acuminibus
714 1814 887 1896 corruptas
903 1824 974 1870 esse
989 1796 1168 1871 nonnullas
1189 1799 1261 1898 ejus

180 1916 308 2011 generis
323 1917 529 2007 notationes,
552 1935 610 2004 ut,
628 1920 700 2009 Ill,
724 1917 904 2020 463-692,
928 1919 994 2019 jam
1011 1947 1110 2020 supra
1133 1938 1183 1995 est
1199 1924 1261 1996 ad-

178 2042 352 2117 monitum.

227 2174 467 2265 Similitudines,
497 2176 621 2278 quibus
637 2204 691 2249 res
707 2176 812 2249 varias
829 2173 880 2253 vel
898 2173 1064 2249 illustrare
1084 2174 1191 2250 voluit
1208 2177 1260 2251 vel

178 2326 356 2391 exornare,
383 2302 496 2376 multae
518 2320 597 2376 sunt
611 2299 812 2401 probandae,
839 2325 900 2372 nec
921 2297 1054 2395 ingenio
1069 2328 1190 2396 magno
1207 2301 1262 2374 in-

177 2422 294 2518 dignae.
310 2467 348 2479 -
365 2427 436 2512 ΙΙΙ,
453 2451 516 2495 111
533 2423 608 2497 :Sic
617 2424 672 2497 ubi
678 2424 828 2497 tolluntur
824 2422 918 2524 sestis
926 2427 1030 2498 aulea
1037 2424 1180 2513 theatris,
1195 2446 1257 2503 etc.

176 2546 272 2619 Vers.
293 2545 386 2622 568:
404 2546 458 2619 Stc
469 2575 523 2647 ego
535 2562 713 2633 torrentem,
735 2564 795 2621 etc.
813 2547 937 2649 quibus
953 2547 1140 2623 illustratur
1155 2551 1256 2625 vehe-

174 2671 298 2745 mentia
308 2671 365 2744 irae
376 2671 536 2746 inhibitae.
552 2715 592 2727 -
604 2673 673 2761 IV,
685 2670 772 2767 354,
784 2673 1087 2774 Hermaphroditus
1097 2674 1210 2749 nudus
1222 2675 1259 2749 in

176 2822 281 2895 aqua,
311 2793 509 2883 translucet,
527 2811 563 2868 ut
581 2796 713 2869 eburnea
729 2798 836 2898 sr'quis
857 2796 956 2897 Sgaa
970 2812 1052 2896 tegat
1068 2797 1173 2884 clero,
1205 2801 1264 2873 vel

175 2918 310 3017 candida
326 2920 415 3007 libb,
441 2921 533 2994 vitro.
548 2919 705 2996 Daedalus
722 2919 912 2996 antevolans
933 2938 1013 2993 nato
1031 2919 1146 3009 timet,
1170 2924 1260 2997 velut

174 3045 253 3132 ales,
271 3047 312 3120 ab
322 3047 386 3119 alto
403 3045 630 3148 Quoeteuerum
643 3047 762 3147 prolem
775 3034 930 3149 produxit
941 3047 972 3119 iu
987 3073 1061 3119 aera
1073 3045 1155 3119 nido.
1172 3048 1258 3122 Sua-

174 3168 308 3244 vissima
322 3188 390 3259 est,
405 3175 457 3260 X,
478 3198 565 3272 190,
579 3200 678 3272 quam
690 3189 799 3245 tamen
811 3167 955 3266 Virgilio
969 3169 1077 3242 debet.
1093 3169 1147 3242 lbi
1162 3173 1257 3272 Hya-

174 3295 307 3370 cinthus
321 3295 427 3396 jacet,
460 3296 509 3372 Ut
522 3298 554 3370 si
570 3298 636 3398 puis
652 3298 771 3383 violas,
799 3297 919 3396 ηξιιονε
930 3324 1070 3398 papaver
1089 3297 1120 3369 iu
1143 3295 1252 3385 horto,

172 3418 317 3521 Liliopue
337 3419 499 3520 irfiiugut,
521 3438 581 3494 etc.
603 3419 804 3495 Laudandus
822 3436 855 3493 et
877 3417 992 3507 locus,
1012 3417 1253 3507 X1,508-36,

174 3572 240 3644 quo
264 3544 357 3618 navis
382 3544 539 3619 fluctibus
559 3545 679 3644 jactata
703 3571 778 3619 cum
798 3542 882 3615 urbe
903 3561 1097 3644 oppugnata
1118 3572 1256 3644 compa-

170 3685 273 3741 ratur.
302 3669 369 3742 Sed
384 3697 469 3772 saepe
489 3669 524 3742 in
543 3670 608 3743 hoc
627 3696 744 3766 genere
768 3686 1039 3742 ornamentorum
1056 3667 1254 3742 inveniendo

172 3810 205 3865 et
217 3793 405 3870 adhibendo
416 3795 481 3871 fuit
491 3796 614 3870 infelix.
631 3798 786 3896 Ineptum
798 3811 848 3867 est
860 3791 960 3881 illud,
973 3794 1041 3882 ΙΙΙ,
1055 3793 1103 3885 44
1115 3817 1123 3860 t
1136 3793 1255 3867 Cadmi

170 3947 305 4020 serpens
319 3940 411 3997 tanto
426 3941 476 3998 est
486 3948 645 4023 corpore,
659 3935 789 4021 quanto,
807 3919 848 3993 Si
857 3935 952 3993 totum
964 3935 1096 4021 spectes,
1112 3920 1254 4019 geruinus

170 4046 354 4147 quiseperat
362 4050 490 4124 Arctos
505 4045 613 4135 Male,
625 4047 677 4134 ΙΙ,
691 4044 772 4134 825,
785 4046 926 4120 mutatio
933 4044 1081 4149 mulieris
1091 4045 1126 4118 in
1136 4077 1253 4122 saxum

171 4198 246 4247 cum
266 4199 390 4259 cancro,
419 4173 553 4272 corporis
570 4171 653 4246 malo
669 4172 900 4272 Incrementa,
933 4190 1165 4271 comparatum
1189 4201 1250 4248 nec
