2618 4808
185 374 221 416 ra
569 351 852 420 PRAEFATIO

178 519 289 564 rerum
316 510 435 566 natura
461 492 583 583 habet,
603 523 676 595 quae
705 494 850 567 hominis
878 489 1024 565 indolem
1051 491 1248 587 attinguut;

106 668 109 675 ·
177 651 280 723 caque
298 642 331 698 ct
348 626 466 726 cupide
485 644 519 700 et
530 627 701 722 ingeniose
715 653 816 713 usus,
829 624 954 719 insigni
965 652 1076 697 rerum
1090 623 1249 697 varietate

178 771 277 854 atque
296 756 393 857 copia
409 784 496 857 opus
512 785 610 830 suum
626 757 772 858 posteris
784 754 1034 830 commendavit.
1049 756 1142 828 Deos
1158 755 1248 830 cuim

177 886 355 989 plerosque
381 918 457 962 cum
478 890 649 963 attributis
676 891 745 964 suis
767 890 822 963 hic
841 890 1026 990 descriptos
1041 887 1248 989 reperimus,

177 1022 200 1092 J
202 1023 273 1097 oris
286 1024 507 1123 majestatem,
522 1022 683 1112 fulmina,
702 1024 877 1126 imperium
894 1024 929 1096 iu
945 1022 1123 1110 mundum,
1141 1021 1248 1111 furta,

53 1218 56 1225 .
178 1156 325 1230 Junouis
354 1154 570 1258 zelotypiam,
588 1157 760 1259 Apollinis
787 1174 873 1232 artes
896 1173 930 1230 et
955 1183 1099 1243 amores,
1118 1156 1248 1229 Cereris

179 1288 311 1375 merita,
331 1289 492 1362 Mercurii
516 1289 738 1364 ministerium
755 1308 788 1364 ct
806 1306 974 1377 ornatum,
994 1289 1111 1361 Diana
1124 1287 1250 1362 choros

179 1435 214 1493 et
236 1419 442 1518 venationes,
463 1420 586 1494 Bacchi
610 1422 766 1510 nomina,
784 1450 837 1496 res
863 1437 972 1517 gestas
994 1436 1028 1493 et
1052 1448 1157 1506 sacra,
1176 1418 1250 1491 Mi-

178 1578 285 1624 nerva
294 1550 480 1624 intexendo
493 1552 731 1641 excellentiam,
742 1556 878 1627 Latonae
888 1581 1015 1627 errores
1024 1569 1058 1626 et
1067 1550 1246 1639 vindictas,

70 1765 72 1769 ,
179 1682 356 1783 Cupidinis
372 1713 462 1758 arma
477 1704 511 1759 ct
526 1687 726 1786 potentiam,
743 1686 899 1760 Plutonis
914 1686 1091 1787 imperium
1105 1685 1140 1757 in
1153 1683 1242 1759 infe-

178 1844 251 1905 ros,
270 1817 476 1919 Proserpinae
491 1819 577 1908 fata,
595 1823 805 1921 Neptunum,
824 1821 947 1893 Protea
961 1819 1173 1913 ambiguum,
1192 1847 1248 1892 ca-

179 1977 301 2023 norum
318 1951 477 2040 Tritona,
496 1954 670 2027 Musarum
684 1970 818 2041 cantus,
836 1950 982 2025 Telluris
997 1951 1144 2040 fructus,
1156 1950 1247 2024 Tisi-

178 2079 308 2182 phones
334 2082 475 2159 sormam
502 2102 536 2159 ct
562 2113 742 2173 venenum,
769 2082 867 2157 Isidis
894 2111 1027 2183 quoque
1043 2082 1246 2183 AEgyptiacae

178 2241 345 2315 pompam.
365 2215 538 2289 Prodeunt
552 2217 659 2288 viriet
672 2216 814 2302 heroes,
831 2242 917 2315 quos
935 2213 1115 2314 antiquitas
1127 2214 1247 2287 habuit

68 2414 73 2441 Α,
180 2346 428 2436 celeberrimos,
455 2347 656 2435 Deucalion,
677 2346 827 2435 Chiron,
848 2345 1082 2447 AEsculapius,
1101 2345 1246 2420 Cadmus

180 2509 256 2553 cum
281 2482 370 2568 suis,
398 2480 559 2568 Tiresias,
586 2481 747 2568 Perseus,
770 2481 892 2568 lason,
919 2478 1084 2567 Theseus,
1112 2479 1244 2566 Minos,

180 2610 354 2699 Daedalus,
378 2611 625 2712 Triptolemus,
644 2611 832 2707 Meleager,
858 2610 1039 2699 Hercules,
1060 2609 1244 2710 Orpheus,

136 2799 138 2803 .
179 2743 343 2834 Achilles,
359 2744 512 2846 Ulysses,
531 2745 755 2847 Pythagoras,
769 2747 909 2833 AEueas,
923 2742 1106 2831 Romulus,
1118 2744 1244 2830 Numa,

182 2906 326 2978 quorum
340 2877 488 2950 omnium
502 2905 554 2950 res
571 2876 724 2978 plurimae
741 2894 774 2950 et
789 2874 905 2952 laudes
922 2893 979 2949 aut
992 2875 1126 2949 brevius
1143 2875 1246 2948 attin-

182 3027 326 3105 guntur,
346 3027 403 3084 aut
413 3010 539 3104 ingenii
549 3009 684 3084 flumine
696 3025 820 3083 ornatae
832 3006 1048 3109 explicantur.
1060 3008 1242 3093 Notantur,

181 3170 254 3242 quae
267 3141 422 3216 inanimo
435 3142 689 3231 humanosunt,
703 3140 851 3215 adfectus
863 3157 1040 3241 paternus,
1057 3156 1243 3226 maternus,

178 3273 364 3362 fraternus,
379 3275 547 3363 sororius,
563 3303 654 3348 amor
664 3292 791 3361 castus,
806 3273 968 3359 incestus,
983 3269 1175 3359 sceleratus,
1192 3271 1245 3345 sui

179 3409 304 3510 ipsius,
316 3407 423 3480 libido
436 3407 568 3495 furens,
580 3405 693 3507 plures
708 3404 834 3478 doloris
852 3421 885 3477 et
902 3402 1014 3477 luctus
1027 3402 1165 3497 gradus,
1184 3401 1246 3476 de-

180 3542 341 3644 speratio,
356 3540 499 3628 insania,
513 3541 578 3627 ira,
594 3538 774 3613 ulciscendi
788 3535 954 3625 studium,
968 3535 1113 3623 invidia,
1128 3535 1247 3610 crude-

179 3675 266 3765 litas,
280 3676 442 3777 impietas,
457 3676 573 3775 pietas,
589 3674 788 3760 innocentia,
805 3670 1009 3772 simplicitas,
1023 3669 1243 3771 hospitalitas,

180 3805 356 3896 mollities,
373 3806 553 3895 fortitudo,
570 3823 641 3880 tum
651 3833 772 3906 pugna
784 3821 817 3878 et
829 3800 992 3878 tumultus
1004 3801 1174 3877 variorum
1187 3801 1246 3875 ad-

180 3941 325 4016 fectuum
343 3943 515 4018 inanimo.
535 3941 632 4015 Adde
650 3940 760 4014 studia
774 3938 967 4025 hominum,
982 3935 1091 4025 bella,
1110 3933 1243 4036 praelia,

181 4074 387 4162 venationes,
413 4093 500 4151 artes
526 4073 743 4172 (textoriam,
761 4072 946 4159 fatidicam,
967 4069 1149 4157 nauticam,
1173 4069 1247 4172 pis-
