2618 4808
125 404 168 447 20
514 379 800 450 PRAEFATIO
846 442 849 449 ,

123 518 211 594 sedis
219 515 355 595 caelestis
369 519 565 620 descriptio,
578 549 640 595 nec
649 520 840 622 quisquam,
856 523 925 608 IV,
948 520 1016 622 787
1030 549 1125 624 sqq„
1144 522 1199 598 illa

202 712 349 795 Eripuisse
363 727 448 795 caput
465 713 561 789 collo,
578 716 737 795 pennisque
755 716 883 799 fugacem

203 814 332 895 Pegason
346 825 375 873 et
388 812 522 888 fratrem,
535 813 632 872 matris
649 813 684 873 de
698 815 835 899 sanguine
853 816 956 893 natos,⁴

120 993 190 1067 sine
213 991 351 1068 aliorum
373 980 545 1066 auctorum
568 990 758 1092 adjumento
781 975 968 1092 intelliget.
983 995 1095 1072 Etiam
1118 997 1200 1075 alibi

119 1122 251 1198 festinat
265 1121 379 1209 nimis,
397 1116 586 1222 emittitque
601 1149 669 1194 non
685 1118 884 1210 omittenda,
905 1119 993 1197 unde
1011 1099 1200 1203 obscuritas

120 1249 235 1324 oritur.
251 1291 290 1302 -
301 1249 368 1334 lx,
383 1243 450 1317 165
461 1302 469 1334 ‚
480 1274 548 1319 non
558 1260 711 1346 apparet,
724 1272 791 1347 quo
800 1247 901 1321 modo
910 1246 1087 1340 Hercules,
1101 1253 1198 1328 factis

116 1375 152 1448 in
168 1373 305 1448 Enboeae
320 1371 549 1472 promontorio
564 1370 683 1458 sacris,
705 1369 814 1444 OEtc‘n
833 1370 972 1446 vocibus
989 1373 1057 1448 suis
1075 1375 1199 1477 imple-

118 1499 210 1572 verit
228 1496 401 1571 Interdum
413 1524 481 1570 nou
498 1496 577 1570 satis
593 1495 790 1597 perpendit,
810 1523 883 1597 quae
895 1496 1066 1570 scriberet.
1095 1540 1135 1555 -
1154 1502 1194 1589 l,

119 1651 210 1726 270,
230 1651 340 1729 quum
350 1641 436 1697 terra
453 1614 577 1696 diluvio
593 1621 748 1696 vastanda
765 1639 866 1709 esset,
883 1621 946 1698 Iris
962 1638 1065 1724 aquas
1077 1654 1096 1698 a
1110 1643 1197 1700 terra

22 1794 24 1798 ν
117 1748 246 1837 haurit,
265 1746 397 1849 quasin
413 1764 533 1821 terram
550 1745 710 1819 demittat.
732 1787 771 1802 ·-
788 1748 860 1835 Ill,
879 1749 922 1841 41
944 1777 1038 1849 sqq„
1060 1778 1197 1851 serpens

40 1915 46 1919 ·
116 1874 284 1948 immensis
307 1873 448 1948 saltibus
468 1872 553 1973 petit
574 1900 652 1961 eos,
682 1872 738 1974 qui
758 1872 908 1973 proxime
931 1875 1073 1948 stabant.
1101 1876 1195 1950 Idem

117 2029 212 2075 versu
229 1999 294 2093 43,
312 1999 412 2073 medela
419 1999 495 2100 plus
502 2015 593 2100 perte
609 2014 723 2073 nectus
735 2000 767 2072 in
783 2026 875 2073 eures
884 1999 1030 2100 Despicit
1041 2027 1129 2073 omne
1143 2030 1196 2075 ne-

116 2154 205 2211 mus;
228 2125 286 2200 sed
302 2151 397 2200 versu
415 2125 481 2226 94,
501 2143 592 2200 totus
608 2125 732 2227 pendet
749 2125 784 2197 in
804 2124 932 2199 arbore.
962 2128 1071 2215 -V,
1098 2126 1192 2215 228,

116 2235 256 2328 Perseus
270 2252 397 2327 Phinea
417 2279 550 2328 saxeum
569 2277 698 2350 semper
716 2248 806 2322 domi
827 2250 968 2350 spectari
984 2249 1057 2323 vult
1074 2281 1092 2325 a
1111 2280 1194 2325 con-

115 2378 212 2477 juge,
242 2405 318 2477 quae
335 2405 413 2449 vero
428 2404 506 2473 mox
526 2373 681 2447 relictura
698 2391 767 2447 erat
785 2373 920 2448 domum
942 2353 1120 2475 paternam.
1153 2420 1192 2432 -

117 2504 200 2590 XII,
219 2499 310 2589 620,
329 2500 473 2574 Somnus
488 2500 523 2571 in
538 2497 625 2573 lecto
642 2498 843 2574 decumbens
853 2515 981 2600 pectore
991 2502 1126 2601 percutit
1137 2532 1196 2576 nu·

116 2627 197 2699 tenti
216 2641 324 2699 ruente.
353 2627 457 2699 Mitto
482 2625 643 2716 dictiones
666 2625 919 2728 improbandas,
948 2645 1006 2716 ut,
1026 2629 1077 2716 V,
1103 2627 1194 2722 426,

116 2749 330 2823 inconsolabile
350 2749 484 2835 vulnus,
512 2749 743 2852 repetitionem
765 2750 911 2850 ejusdem
935 2750 1089 2826 vocabuli
1109 2750 1197 2827 inter

116 2906 299 2981 paucorum
313 2905 467 2951 versuum
481 2877 661 2967 ambitum,
680 2896 712 2951 et
721 2876 833 2968 multa
846 2875 919 2952 alia.
934 2876 1027 2953 Talia
1040 2878 1197 2953 excidunt

116 3006 175 3094 iis,
194 3005 252 3106 qui
270 3033 328 3103 sua
344 3033 412 3078 non
427 2982 543 3106 sedulo
557 3003 778 3103 conquirunt,
796 3003 853 3076 sed
869 3031 887 3074 e
902 3001 990 3076 selici
1005 3003 1130 3100 ingenii
1144 3008 1196 3080 sui

117 3159 215 3222 vena,
235 3130 328 3231 quasi
343 3116 466 3204 stantes
482 3128 566 3230 pede
578 3129 614 3201 in
629 3158 715 3218 une,
734 3129 889 3202 fundunt.

166 3257 294 3357 Ingenii
309 3285 386 3358 pars
411 3283 468 3343 ea,
495 3283 592 3355 quarn
613 3253 712 3356 paulo
729 3274 804 3328 ante
828 3253 1006 3354 descripsi,
1030 3253 1141 3328 statim
1160 3254 1196 3329 in

118 3381 282 3485 principio
303 3381 456 3455 carminis
475 3381 600 3454 emicat.
627 3378 680 3452 lbi
701 3407 769 3451 non
787 3405 895 3451 veram
910 3378 1003 3451 rudis
1020 3377 1117 3453 molis
1133 3411 1194 3455 na-

119 3527 225 3583 turam
241 3508 339 3582 nobis
357 3507 517 3608 explicat,
540 3505 599 3579 sed
617 3523 782 3579 externam
801 3536 910 3580 rerum
930 3526 963 3581 et
983 3508 1193 3586 confusarum

118 3651 155 3706 et
171 3652 286 3735 postea
302 3631 536 3734 dispositarum
555 3629 693 3704 sormam
716 3630 881 3720 ostendit,
909 3633 1092 3733 acriterque
1117 3661 1193 3709 sen-

119 3758 263 3834 tiendam
278 3756 447 3860 proponit.

107 3903 109 3906 >
129 3920 133 3925 .
198 3944 304 4005 Nullus
317 3945 410 4006 adhuc
426 3941 534 4002 murrdo
549 3937 692 4022 prebebat
708 3937 815 3999 lumina
829 3940 934 4015 Titan,

199 4044 262 4103 Nec
276 4065 351 4104 nova
362 4043 515 4104 crescendo
532 4062 582 4122 rep
592 4038 676 4098 nabat
692 4059 800 4098 cornua
815 4036 938 4113 Phoebe,

199 4132 261 4205 Nec
275 4141 446 4202 circumfuso
463 4138 604 4222 pendebat
616 4138 647 4201 iu
659 4158 721 4201 aere
734 4137 818 4202 tellus
