2618 4808
166 374 234 442 DE
262 371 435 440 OPERE
466 367 1008 441 METAMORPHOSEON.
1081 393 1123 463 27

66 516 124 604 hic,
148 544 236 616 quos
254 532 347 589 tutos
364 543 436 588 esse
453 513 563 588 vellet.
597 515 639 587 In
660 513 814 613 utrisque
839 510 1002 586 codicillis
1025 509 1127 585 iidem

65 671 168 717 vnsns
185 660 301 730 erant,
318 642 353 715 in
371 641 496 741 quihus
508 639 756 738 &raibotemque
765 638 883 724 virute,
902 637 1129 738 semivirumque

63 768 173 854 loma,
192 786 243 854 et,
262 767 431 867 Egehilum
446 767 597 851 Borean,
626 763 853 866 Egelrilrunpue
869 764 1002 837 Notum.
1032 765 1129 836 Non-

64 899 145 975 nulla
160 929 232 977 non
249 897 480 999 amplificavit,
497 896 557 973 sed
570 895 803 998 prodigialiter
813 895 916 969 auxit.
934 897 976 968 In
990 923 1059 995 quo
1072 923 1130 990 ge-

63 1061 131 1108 nera
146 1049 229 1106 sunt
252 1059 390 1132 serpens
409 1030 528 1104 Cadmi
545 1046 580 1104 et
595 1028 845 1104 Erisiehthonis
861 1027 975 1102 fames.
1007 1027 1130 1101 Prodi-

63 1159 146 1254 gium
162 1158 256 1233 enim
270 1174 336 1244 est,
353 1156 494 1258 quodque
507 1156 632 1230 artatus
640 1183 704 1230 esse
718 1212 727 1241 ,
762 1153 916 1256 Quodque
929 1155 1003 1228 satri
1011 1153 1132 1256 populo

59 1300 190 1384 poterat,
219 1313 281 1357 non
296 1284 413 1384 sffſsct't
430 1284 492 1356 uni.

97 1415 142 1484 In
159 1411 351 1484 orationibus
363 1427 533 1511 spectatur
547 1409 632 1497 hoc,
649 1425 689 1482 ut
705 1436 776 1481 non
792 1407 903 1482 solum
921 1392 1063 1480 consilio
1080 1405 1132 1478 di-

62 1535 177 1623 centis,
196 1535 257 1608 sed
281 1552 316 1609 et
338 1562 490 1635 persona
515 1534 770 1609 accommodata
788 1534 855 1608 sint
872 1561 881 1609 ε
902 1560 975 1633 qua
991 1550 1133 1631 unaque

62 1658 126 1733 laus
139 1661 354 1735 orationibus
364 1662 433 1735 scre
448 1661 623 1750 omnibus,
642 1690 725 1762 quas
740 1662 805 1734 hoc
823 1689 955 1735 carmen
970 1659 1133 1761 plurimas

61 1784 176 1874 habet,
196 1786 348 1861 debetur.
376 1785 602 1860 Nobilissimae
621 1802 715 1873 sunt,
736 1789 839 1872 XIII,
860 1783 987 1885 1-378,
1007 1783 1133 1885 quibus

61 1910 141 2010 tljax
157 1929 192 1985 et
210 1911 348 2013 Ulysses
367 1913 409 1986 de
428 1911 572 1987 Achillis
587 1913 687 1985 armis
703 1929 851 1999 certant,
872 1939 1012 2011 quarum
1030 1908 1133 1983 altera

62 2035 343 2132 indignationem,
360 2039 469 2113 altera
490 2037 703 2112 calliditatem
732 2038 854 2138 spirat,
872 2036 931 2110 illa
957 2036 1134 2110 vehemens

62 2180 118 2248 est,
131 2163 203 2237 haee
214 2165 401 2265 composita
413 2182 447 2238 et
456 2159 637 2252 moderata,
649 2182 790 2264 utraque
805 2180 916 2236 antem
929 2162 1134 2256 argumentis

60 2287 248 2364 fortissimis
265 2308 404 2392 pugnat.
435 2292 648 2366 Dissuasoria
663 2289 786 2365 Phoehi
805 2289 846 2363 ad
868 2288 1131 2373 Phaethontem,

62 2416 109 2502 ll,
129 2415 289 2505 50-102,
304 2445 375 2491 non
387 2417 490 2491 modo
505 2433 777 2514 argumentorum
790 2415 939 2516 pondere
958 2431 991 2486 et
1007 2413 1136 2488 delectu

65 2540 157 2629 valet,
172 2544 232 2617 sed
244 2562 277 2618 et
290 2545 436 2618 animum
448 2563 625 2647 patemnm
635 2543 882 2643 sollicitumque
894 2541 1019 2643 prodit.
1033 2540 1138 2616 Plena

63 2669 252 2743 acerbitatis
266 2688 318 2745 est
333 2672 459 2759 oratio,
480 2701 546 2772 qua
563 2669 673 2772 Scylla
686 2669 806 2743 Minoa
817 2668 1017 2763 fugientem,
1033 2668 1134 2754 VIII,
1169 2727 1171 2733 .

67 2792 243 2888 108-142,
263 2797 456 2871 insectatur.
478 2797 724 2872 Convenienter
734 2796 897 2896 majestati
911 2822 978 2868 sua
990 2793 1135 2896 Jupiter,

62 2919 95 3005 I,
120 2917 295 3011 182-243,
313 2922 406 2994 Deos
423 2940 625 2996 convocatos
643 2922 844 3026 alloquitur,
863 2921 1053 3024 sceleraque
1070 2924 1136 2997 ho·

64 3045 191 3118 minum
207 3047 319 3120 verbis
338 3047 540 3143 gravissimis
556 3066 662 3122 notat.
690 3049 847 3124 lidenter
868 3068 902 3124 et
923 3049 964 3122 ad
989 3077 1137 3123 commo·

63 3171 205 3245 vendum
219 3191 296 3273 apte
305 3172 422 3248 Tellus
433 3202 527 3248 suam
538 3174 866 3275 mundiqne'eansam
880 3176 964 3272 agit,
980 3177 1029 3265 II,
1046 3201 1136 3276 279-

64 3290 143 3368 300.
168 3297 299 3370 Merum
316 3295 515 3398 zelotypiam
537 3315 571 3372 et
588 3300 671 3374 iram
687 3328 727 3375 ex
745 3302 806 3375 sui
819 3320 989 3377 contemtu
1013 3302 1138 3376 evomit

62 3424 170 3511 Juno,
185 3426 237 3511 II',
251 3422 402 3512 511-30‚
416 3425 506 3526 apud
516 3426 608 3499 Deos
619 3426 777 3500 marinos.
788 3427 947 3501 Praeclare
956 3427 1136 3515 Pentheus,

63 3550 129 3636 III,
146 3545 286 3620 531-63
298 3605 307 3637 ,
319 3550 428 3622 anovi
440 3549 504 3623 Dei
517 3547 676 3638 mollitie,
692 3578 891 3624 asacrorum
905 3551 975 3650 ejus
994 3553 1137 3652 strepitu

62 3688 95 3745 et
118 3692 137 3746 'a
165 3670 421 3747 'Ihehanorur'n⁴
436 3673 567 3770 origine
596 3675 784 3749 deterrendi
806 3693 1004 3772 argumenta
1022 3678 1134 3751 sumit.

50 3797 196 3913 'Niobe,
216 3798 332 3894 regina
354 3798 590 3889 celeberrima,
618 3800 856 3899 superbissime
883 3828 989 3895 genus
1012 3829 1139 3895 sunm,

64 3952 152 4025 opes,
163 3924 537 4025 numerosissimamque
552 3925 681 4026 prolem
691 3927 808 4024 jactat,
825 3943 925 4028 atque
941 3931 1137 4004 contemtim

64 4077 128 4150 prae
144 4078 179 4124 se
197 4052 363 4124 Latonam
379 4050 526 4151 spernit,
545 4052 613 4139 VI,
646 4077 814 4152 170-202.
842 4054 1008 4128 Convenit
1030 4055 1137 4130 furori

51 4173 188 4273 ‘juvenis
204 4175 338 4252 incitati
351 4175 527 4277 etpcrdite
539 4167 680 4252 amantis
691 4176 819 4271 oratio,
839 4208 906 4280 qua
918 4180 1084 4273 Phoehus,
1101 4185 1135 4272 l,
