2618 4808
179 399 248 469 DE
279 398 458 470 OPERE
491 396 1035 476 METAMORPHOSEON.
1107 432 1153 501 29

72 540 167 630 cola,
187 542 322 630 Horas,
335 543 423 631 Ver,
440 544 622 631 dietatem,
639 544 868 633 Autumnum,
885 545 1048 620 Hiemem.
1072 547 1155 623 AIas

72 665 222 755 nudati,
239 668 344 756 VIII,
374 665 463 768 189,
480 668 626 742 ostendit
641 669 742 745 nobis
763 671 854 745 suavi
875 672 1089 748 similitudine
1104 675 1156 748 in-

72 791 233 893 terposita
247 818 263 861 :·
282 791 337 867 Sic
355 795 466 868 rustica
489 794 641 896 quondam
662 796 791 870 Fistula
810 796 983 898 dc‘sparibus
1000 800 1155 900 paulatim

73 915 168 1013 surgit
192 915 305 990 amb.
336 917 388 989 De
409 946 492 1018 apro
517 917 727 1020 Calydonio,
757 921 865 1008 VIII,
895 919 1055 1022 282-97,
1084 940 1156 997 tum

75 1036 235 1132 338-40,
265 1037 315 1112 nil
330 1034 511 1130 memorat,
541 1042 605 1116 nisi
622 1043 714 1144 quod
730 1044 772 1117 ad
795 1042 971 1118 consilium
987 1047 1156 1146 pertinet,

73 1165 136 1239 hoc
164 1183 239 1253 est,
272 1166 362 1266 quod
387 1166 547 1257 declarat,
583 1196 682 1268 mam
708 1168 875 1243 horrenda
895 1167 996 1243 fuerit
1022 1169 1156 1260 bellua,

75 1309 234 1393 quantum
256 1290 411 1367 danmum
433 1292 582 1368 attulerit
602 1295 713 1390 agris,
741 1311 775 1366 et
795 1312 879 1395 quot
894 1295 1052 1394 juvenum
1073 1324 1157 1371 con-

74 1444 172 1490 cursu
188 1444 276 1516 opus
287 1415 387 1492 fuerit
401 1416 444 1491 ad
458 1446 528 1492 eam
545 1417 783 1492 debellandam.
809 1418 896 1507 Sed,
924 1438 964 1494 nt
981 1419 1048 1519 jam
1066 1421 1156 1510 dixi,

18 1639 22 1645 ὑ
75 1563 181 1618 totum
196 1572 330 1618 carmen
347 1544 510 1645 ejusmodi
529 1543 712 1619 luminibus
738 1544 932 1620 distinctum
950 1562 1021 1635 est,
1047 1567 1173 1649 neque'

74 1669 152 1744 adeo
170 1686 240 1757 est,
258 1669 350 1769 quod
367 1667 464 1770 plura
476 1669 544 1768 jam
560 1696 755 1744 recenseam.

118 1795 235 1870 Etiam
247 1793 283 1869 in
295 1793 463 1896 adfectibus
477 1795 598 1869 mentis
616 1796 789 1884 bumanae,
815 1814 883 1872 tam
899 1798 1046 1874 motibus
1064 1818 1156 1874 tene-

39 1993 40 1997 ,
74 1918 137 2006 ris,
157 1947 259 2019 qrram
272 1917 574 1992 vehementioribus
587 1919 897 2019 perturbationibus
910 1921 1052 1996 notandis
1065 1950 1157 2019 egre-

75 2045 148 2138 gius
172 2042 291 2116 artifex
314 2045 439 2117 Noster
459 2042 633 2141 reperitur.
662 2043 825 2117 Paternus
849 2040 997 2119 adfectus
1021 2046 1157 2145 paucis,

75 2169 132 2244 sed
144 2167 252 2257 bene,
268 2169 370 2258 VIII,
391 2192 481 2257 210,
500 2166 705 2265 descriptus,

109 2437 111 2440 .
156 2361 238 2420 Inter
253 2382 327 2442 opus
342 2362 527 2441 monitusque
541 2382 622 2444 genae
635 2358 767 2421 maduere
782 2360 883 2420 seniles

154 2466 195 2526 Et
210 2466 309 2547 patriae
323 2476 464 2527 tremuere
477 2488 593 2543 manus,

75 2620 324 2735 copiosius,II,
336 2619 473 2737 {ql-99,
488 2636 524 2708 in
534 2635 663 2711 Phoebo
675 2692 684 2724 ,
698 2634 876 2738 dopiguora
888 2615 988 2723 certic,
1008 2654 1087 2726 etc.;
1104 2655 1158 2727 et,

74 2762 141 2848 VI,
168 2759 348 2861 496-510,
365 2763 400 2835 in
415 2762 585 2838 Pandione
601 2790 678 2836 sene
690 2762 791 2837 filiam
808 2762 1003 2838 dimittente.
1029 2765 1154 2839 Mater-

75 2914 159 2975 num·
170 2884 317 2959 animum
338 2941 347 2976 ‚
379 2888 455 2977 IX,
485 2884 648 2987 375-81,
682 2887 810 2983 egregie
828 2886 947 2960 exserit
964 2887 1100 2988 Dryope
1120 2888 1158 2963 in

76 3011 181 3087 lotum
207 3013 387 3104 transiens,
418 3012 643 3088 sollicitudine
677 3013 717 3085 de
745 3011 805 3085 filii
832 3011 1026 3086 educatione
1057 3031 1157 3115 atque

78 3138 189 3214 salute.
217 3141 377 3217 Mutuum
393 3138 522 3238 juvenis
545 3136 753 3240 puellaeque,
779 3137 870 3211 taedae
890 3138 962 3235 jure
980 3139 1076 3236 jungi
1099 3168 1156 3212 cu-

77 3257 256 3357 pientium,
278 3285 422 3330 amorem
440 3256 525 3329 bene
548 3254 706 3329 describit
728 3253 860 3355 Pyrami
884 3271 917 3326 et
937 3253 1081 3327 Thisbes
1105 3253 1163 3361 sac-q

77 3379 163 3456 bula.
193 3381 501 3479 Flagrantissimum
524 3379 636 3454 uxoris
659 3379 693 3452 in
719 3380 875 3453 maritum
902 3408 1047 3453 amorem
1072 3379 1154 3453 Hal-

79 3534 177 3608 cyone
190 3508 358 3582 verissime
371 3507 487 3596 refert,
505 3511 576 3594 Xl;
595 3506 655 3581 ubi
676 3506 830 3580 maritum
847 3505 1070 3579 discessurum
1084 3531 1155 3577 esse

79 3635 256 3736 comperit,
276 3634 431 3728 [prii-43,
447 3634 525 3706 etin
538 3634 683 3708 discessu
696 3632 789 3733 ipso,
807 3632 879 3724 464
893 3659 984 3732 sqq,
1002 3630 1157 3730 idemque

79 3757 133 3835 illo
149 3762 286 3836 absente
301 3760 419 3834 transit
431 3760 576 3861 primum
589 3758 623 3832 in
640 3758 855 3846 desiderium,
876 3756 1010 3859 573-81
1032 3787 1041 3830 ε
1058 3785 1153 3847 mox,

80 3886 134 3959 ubi
150 3890 190 3962 de
211 3888 309 3962 obitu
325 3872 395 3988 ejus
409 3886 538 3960 somnio
551 3885 677 3959 monita
695 3902 764 3973 est,
782 3884 817 3956 in
835 3884 1064 3980 gravissimum
1080 3883 1154 3959 luc-

81 4026 146 4085 tum
159 4011 344 4115 678709,
359 4031 392 4085 et
401 4012 460 4086 ubi
474 4041 596 4114 eorpus
608 4012 679 4111 ejus
691 4029 808 4085 natans
820 4010 984 4111 prospicit
997 4011 1066 4113 716
1078 4042 1152 4113 sqq.

81 4136 190 4227 Mariti
216 4139 251 4215 in
276 4139 452 4237 conjugem
474 4138 621 4221 cunnum
645 4167 713 4213 non
736 4135 820 4213 male
846 4137 1001 4239 exprimit
1022 4140 1155 4214 Deuca-
