2618 4808
186 357 256 425 nu
284 356 454 423 ornan
477 307 1005 427 muramonnnosnon.
1093 383 1132 455 ι,

62 499 141 587 tias,
159 498 279 588 verba,
298 497 460 594 imagines
478 495 656 599 etreliqua
674 517 889 587 ornamenta,
907 516 1064 600 tanquam
1077 528 1137 601 ap-

59 631 224 735 paritores
236 629 483 732 paratissimos,
498 629 657 704 scribenti
670 647 792 730 presto
805 629 916 704 luisse.
933 632 1057 704 Verum
1072 630 1137 706 tale
1260 725 1263 731 Ι

58 765 187 861 ingenii
213 763 340 837 flumen
368 760 570 837 lutulentum
595 762 762 835 interdum
782 761 943 850 decurrit,
964 781 1138 863 sortesque

59 893 243 972 nonnullas
262 922 374 969 secum
390 893 505 983 vehit,
532 921 614 993 quas
633 922 712 967 cura
728 893 873 967 secunda
891 891 1006 968 tollere
1024 893 1135 968 debet.

58 1030 188 1104 Nostro
207 1044 320 1102 autem
331 1025 477 1128 perlata
493 1052 564 1098 non
579 1023 675 1098 licuit
697 1040 894 1111 retractare,
919 1053 991 1125 qua
1008 1025 1137 1126 primus

58 1162 186 1259 ingenii
203 1161 351 1262 impetus
365 1159 512 1246 luderat3
529 1158 618 1232 sorte
636 1159 719 1232 etin
737 1158 937 1260 quibusdam
950 1160 1140 1256 corrigendi

58 1292 215 1367 voluntas
241 1291 425 1366 defuisset:
442 1291 556 1391 itaque
576 1291 632 1365 bic
655 1290 724 1364 illic
747 1310 948 1381 occurrunt,
971 1321 1044 1393 quae
1063 1293 1138 1393 quis

60 1426 194 1501 sublata
212 1443 272 1499 aut
285 1423 459 1499 emendata
474 1422 564 1497 velit.
590 1424 697 1498 Insita
714 1424 744 1497 ei
758 1453 862 1525 porro
879 1443 949 1498 erat
963 1425 1069 1499 virtus
1084 1426 1139 1497 in-

61 1558 149 1654 genii
172 1587 231 1648 ea,
262 1586 336 1658 quae
353 1573 504 1632 externas
521 1556 736 1657 potissimum
752 1586 864 1632 rerum
886 1557 1010 1634 formas
1028 1560 1141 1633 consi-

62 1690 169 1780 derat,
182 1691 370 1791 acriterque
384 1690 502 1779 sentit,
517 1690 553 1763 in
563 1689 605 1764 iis
615 1690 733 1779 beret,
747 1720 820 1792 quae
832 1710 925 1788 grata
935 1710 1015 1766 sunt
1027 1694 1138 1768 animo

61 1841 118 1898 aut
130 1823 282 1919 ingrata,
296 1822 479 1924 phantasiae
493 1851 556 1923 ope
569 1823 705 1912 nititur,
719 1824 855 1925 ejusque
870 1854 887 1898 e
901 1854 991 1926 penu
1005 1825 1137 1900 colores

61 1958 162 2058 petit,
184 1957 309 2058 quibus
335 1985 405 2032 rem
433 1956 644 2059 propositam
670 1956 846 2032 illuminet.
872 1959 955 2058 Ejus
979 1959 1137 2050 virtutis,

64 2119 161 2190 quam
173 2089 291 2165 Nostri
308 2087 367 2162 den
384 2091 487 2166 Witz
500 2107 637 2176 vocant,
650 2064 808 2190 cremplis
822 2091 970 2165 abundat
986 2092 1051 2166 hoc
1067 2121 1140 2166 car-

62 2252 156 2313 men3
172 2224 216 2298 ab
234 2252 338 2324 eaque
354 2223 426 2322 ejus
445 2241 562 2297 auctor
578 2223 762 2297 eminenter
777 2224 947 2324 ingeniosus
961 2242 1062 2326 poeta
1075 2255 1139 2300 vo-

64 2372 164 2430 catur.
191 2354 302 2428 Modo
323 2383 394 2428 non
418 2355 604 2457 argutiarum
622 2353 794 2442 studium,
811 2356 982 2452 acuminum
1004 2357 1136 2431 venatio

62 2504 95 2560 ct
104 2486 279 2586 petulantia
297 2485 447 2587 quedam
464 2486 566 2560 animi
579 2516 654 2560 eum
668 2487 791 2587 passim
809 2487 1004 2561 avertissent
1019 2489 1060 2562 ab
1077 2518 1135 2578 eo,
1189 2555 1193 2562 ,

64 2618 153 2720 quod
170 2635 299 2692 rectum
315 2635 367 2694 est
383 2635 417 2692 et
432 2647 557 2723 verum.
576 2617 656 2693 Illas
673 2636 782 2693 autem
798 2620 925 2716 ingenii
942 2621 1038 2694 dotes
1054 2621 1138 2697 doc-

64 2752 157 2827 trinae
168 2745 319 2825 liberalis
335 2741 462 2852 pabulo
481 2751 623 2842 aluerat,
636 2751 779 2827 lectione
790 2770 964 2827 auctorum
976 2775 1138 2856 praestan-

63 2883 277 2973 tissimorum,
288 2902 462 2985 poetarum
474 2884 647 2985 inprimis,
659 2882 957 2960 declamationibus
969 2887 1138 2962 inscholis

63 3019 252 3109 rhetorum,
276 3036 377 3121 atque
403 3020 635 3095 observatione
656 3048 785 3094 morum
804 3038 837 3098 et
860 3020 1049 3096 studiorum
1074 3021 1139 3097 bu·
1240 3082 1241 3087 η

64 3142 251 3227 manorum.
267 3153 385 3253 Itaque
402 3152 539 3226 scientia
549 3152 682 3248 vigebat
695 3152 895 3227 elocutionis
909 3154 1065 3256 poeticae,
1081 3183 1140 3228 an-

64 3283 247 3386 tiquitatis,
267 3283 369 3357 animi
391 3283 548 3372 humani,
575 3309 753 3386 earumque
775 3314 904 3375 rerum,
931 3285 1055 3387 quibus
1080 3284 1137 3359 ille

64 3414 299 3534 persuadetur,
319 3413 516 3504 delectatur,
533 3432 696 3491 movetur.
715 3419 770 3491 Sic
784 3447 863 3514 ergo
883 3435 917 3492 et
934 3447 952 3491 a
968 3435 1088 3491 natura
1103 3434 1137 3491 et
1228 3457 1230 3460 ·

65 3565 182 3649 suopte
198 3545 315 3621 studio
331 3544 493 3622 formatus
509 3549 649 3623 occessit
664 3549 706 3624 ad
717 3579 803 3652 opus
814 3549 1137 3651 Metamorphoseon

65 3678 286 3754 condendum.

106 3809 319 3911 Desacilitote
330 3837 402 3883 non
419 3827 485 3899 est,
506 3810 598 3912 qnod
615 3811 713 3912 plura
727 3811 849 3901 dicam,
867 3829 907 3886 ut
924 3839 997 3912 quae
1013 3840 1084 3885 nou
1101 3811 1139 3886 in

67 3940 204 4040 singulis
215 3942 319 4033 locis,
332 3943 399 4017 -sed
413 3943 449 4016 in
466 3961 581 4019 tenore
594 3944 699 4018 totius
713 3944 868 4018 carminis
883 3961 1046 4017 cernatur.
1062 3944 1142 4017 Ma·

67 4074 152 4152 culus
170 4076 296 4179 potius.
308 4072 490 4168 nonnullas
508 4076 797 4165 commemorabo,
817 4104 898 4177 quas
914 4076 1060 4177 impetus
1083 4072 1141 4150 ille

159 4235 239 4304 Ill.
401 4275 422 4283 ·-
589 4288 615 4298 ..
942 4228 1040 4301 a¹
