2618 4808
218 388 287 457 DE
318 386 486 454 OPERE
514 384 1046 457 METAMORPHOSEON.
1150 416 1173 480 9

186 531 268 591 Stant
283 528 401 589 immota
415 528 515 612 genis:
532 529 604 590 nibil
619 530 704 590 estin
719 528 840 612 imagine
856 529 921 590 viri.

186 637 251 716 lpsa
264 653 383 714 quoque
397 633 517 695 interius
531 656 597 695 cum
608 633 681 696 duro
695 633 792 719 lingua
806 634 898 717 palato

186 739 347 826 Congelat,
361 751 391 800 et
400 761 482 801 oense
493 739 633 801 desistunt
644 761 728 822 posse
740 739 859 801 moveri.

182 845 245 905 Nec
258 842 334 904 llecti
344 843 457 917 cervix,
472 865 526 905 nec
538 842 652 905 brachia
664 843 782 905 reddere
792 855 909 926 gestus,

184 949 247 1009 Nec
264 970 315 1032 pes
328 949 371 1009 ire
384 960 489 1030 potest.

101 1117 174 1188 Nec
189 1102 256 1187 boc
274 1112 365 1187 satis.
378 1155 416 1168 -
430 1114 490 1202 lV,
507 1111 593 1201 551,
608 1112 722 1214 plnres
740 1112 893 1187 mulieres
912 1112 1010 1188 simul
1027 1113 1173 1188 eamdem

102 1266 229 1322 sortem
245 1247 443 1348 patiuntur:

489 1370 655 1452 Saltumqne
668 1370 767 1433 datura
780 1372 890 1434 moveri

184 1477 270 1538 Haud
286 1498 408 1558 usquam
420 1479 535 1560 potnit,
549 1477 727 1560 scopuloque
743 1476 829 1538 adfixa
839 1476 969 1540 cohaesit.

186 1582 305 1660 Altera,
319 1582 387 1643 dum
398 1583 486 1644 solito
498 1595 588 1644 tentat
600 1583 737 1666 plangore
747 1584 830 1644 scrire

184 1690 318 1766 Pectora,
331 1700 456 1750 tentatos
470 1689 555 1750 sentit
569 1689 688 1771 riguisse
699 1689 829 1754 lacertos.

188 1794 257 1869 llla,
270 1814 371 1853 manus
385 1806 418 1854 nt
430 1794 504 1854 sorte
519 1793 676 1854 tetenderat
688 1793 718 1853 in
732 1794 816 1855 maris
832 1792 939 1868 undas,

189 1901 275 1960 Saxea
288 1899 359 1960 sacta
373 1921 472 1961 manus
485 1899 516 1958 in
530 1897 640 1960 easdem
653 1899 777 1983 porrigit
790 1900 899 1974 undas,

105 2087 141 2143 et
158 2096 230 2169 quae
243 2065 340 2168 plura
357 2083 552 2167 sequuntur.
568 2065 633 2139 Hic
650 2067 868 2139 mutationem
883 2064 1026 2161 generali
1040 2064 1173 2165 quidem

104 2203 244 2277 notione
263 2218 380 2301 quater
396 2200 571 2301 exprimit,
591 2200 648 2273 sed
665 2198 799 2273 variatis
816 2199 941 2287 verbis,
959 2216 993 2273 et
1010 2227 1172 2300 quamque

102 2334 276 2411 mulierem
293 2336 329 2410 in
346 2334 412 2408 alio
429 2354 525 2431 gestu
542 2334 682 2409 sormam
697 2363 819 2408 novam
831 2332 978 2439 induisse
995 2333 1101 2428 fingit.
1121 2332 1174 2405 Si-

104 2468 182 2544 mile
209 2469 403 2566 figmentum
427 2472 525 2545 etiam
543 2470 579 2543 in
596 2470 696 2543 nautis
722 2467 912 2576 Tyrrhenis,
939 2466 1174 2569 delphinorum

103 2622 257 2680 naturam
274 2606 533 2707 accipientibus,
552 2607 622 2692 ΙΙΙ,
647 2602 736 2704 671,
754 2603 957 2703 reperimus;
985 2628 1173 2703 quanquam

105 2737 156 2810 ibi
173 2741 257 2814 etin
274 2741 417 2837 singulis
435 2739 506 2814 aliae
523 2738 675 2840 delphini
692 2756 803 2839 partes
825 2756 1075 2813 memorantur:

309 2967 358 2986 ...
385 2927 555 3005 Primusque
569 2923 678 2984 Medon
693 2923 853 3009 nigrescere
870 2926 965 3007 pinnis

189 3030 323 3114 Corpore
338 3033 491 3115 depresso,
505 3043 534 3092 et
548 3029 636 3111 spinae
649 3031 810 3092 curvamina
820 3031 894 3092 flocti

190 3141 318 3223 Incipit:
335 3140 404 3202 buic
415 3138 556 3223 Lycabas,
573 3139 604 3197 in
619 3159 684 3217 quae
700 3140 856 3219 miracula,
872 3142 959 3220 dixit,

190 3244 335 3306 Verteris?
349 3258 379 3306 et
391 3245 439 3305 lati
451 3244 540 3305 rictus
553 3256 582 3305 et
595 3240 690 3325 panda·
701 3244 834 3325 loquenti

190 3353 272 3414 Naris
287 3364 363 3430 erat,
377 3374 578 3436 squamamque
591 3358 664 3418 cutis
676 3357 774 3418 durata
788 3353 925 3415 trahebat.

189 3456 232 3519 At
246 3455 348 3538 Libys,
363 3456 506 3518 obstantes
519 3457 587 3519 dum
597 3459 660 3524 vult
676 3458 825 3520 obvertere
839 3478 955 3535 remos,

189 3565 226 3624 ln
242 3564 364 3645 spatium
377 3562 486 3623 resilire
497 3587 596 3626 manus
610 3564 696 3627 breve
710 3563 799 3641 vidit,
817 3575 847 3624 et
862 3562 922 3624 illas

188 3668 252 3727 lam
266 3687 328 3728 non
342 3686 403 3727 esse
414 3688 533 3746 manns,
548 3670 603 3750 jam
618 3668 718 3750 pinnas
732 3687 817 3748 posse
833 3665 948 3742 vocari,
966 3677 1022 3726 etc.

107 3839 174 3911 Eas
188 3851 300 3937 partes
316 3834 346 3908 si
363 3835 554 3934 componis,
573 3835 703 3931 integer
724 3834 793 3908 sere
823 3832 1002 3934 delphinus
1026 3830 1176 3911 efficitur.

109 3970 245 4059 Similia,
256 3972 301 4058 H,
313 3967 395 4061 346,
412 3968 451 4042 de
462 3968 683 4043 Phaethontis
694 3969 866 4043 sororibus
877 3968 913 4040 in
929 3968 1065 4044 arbores
1076 3987 1178 4045 trans·

109 4106 267 4180 euntibus
278 4103 445 4199 leguntur,
461 4132 543 4204 quas
556 4104 702 4204 primum
718 4102 870 4198 singulas
886 4104 1048 4196 ostendit,
1062 4105 1180 4181 deinde
