2618 4808
142 336 165 400 6
540 331 814 399 PR-AEFATIO

146 501 270 573 quum,
292 470 385 571 quod
402 471 433 544 ei
449 470 573 571 pudori
591 487 677 558 erat,
698 486 748 542 ter
763 468 871 542 victus
893 486 980 543 esset
1005 471 1047 543 ab
1073 470 1224 545 Hercule
1260 564 1263 569 θ

146 604 299 677 nondum
321 604 406 677 Deo.
433 604 559 678 Cornix
581 602 663 676 adeo
682 630 782 674 corvo
804 630 870 674 una
889 600 1032 689 volanti,
1052 630 1125 702 quae
1145 631 1224 677 aves

147 735 297 835 quaedam
314 764 417 835 passae
436 753 545 822 erant,
564 752 682 807 notum
694 733 782 807 lacit.
801 736 865 806 Est
879 733 992 820 etiam,
1010 733 1070 806 ubi
1080 733 1223 807 Themis

143 868 346 943 mutationes
363 868 494 940 suturas
511 867 720 940 vaticinatur.
740 865 935 940 Nonnullos
952 865 1086 966 mythos
1103 867 1223 967 paucis

144 1018 246 1101 poeta
270 1000 484 1086 transmittit,
502 1015 541 1072 ut
555 999 679 1073 Bacchi
694 1001 841 1075 nutrices
857 999 1005 1087 vetulas,
1024 999 1149 1100 quibus
1163 1001 1223 1099 ju-

144 1149 263 1207 ventus
274 1162 292 1205 a
304 1131 425 1204 Medea
436 1131 596 1221 redditur,
604 1150 653 1219 et,
667 1133 758 1233 quod
767 1132 913 1219 mireris,
926 1131 1222 1206 celebratissimam

146 1264 229 1337 adeo
257 1264 577 1357 Gigantomachiam.
605 1264 794 1360 Quosdam,
814 1264 940 1365 quippe
957 1293 1075 1365 parum
1092 1293 1223 1339 memo-

147 1397 292 1485 rabiles,
311 1397 414 1470 verbo
443 1414 570 1471 tantum
590 1399 707 1494 tangit.
736 1397 792 1470 Sic
815 1427 881 1471 una
904 1427 944 1472 ex
968 1396 1221 1498 Minyeidiltus,

148 1529 325 1616 dubitans,
339 1528 420 1628 quid
431 1529 573 1603 emultis
586 1529 800 1631 potissimum
811 1529 946 1617 referat,
957 1527 1119 1617 etaltera,
1135 1557 1222 1629 prae-

147 1661 302 1734 teritione
321 1661 486 1735 rhetorica
507 1648 620 1750 utens,
640 1659 788 1763 plurium
809 1677 1003 1756 argumenta
1026 1658 1221 1733 brevissime
1285 1656 1290 1669 ’

148 1812 334 1881 recensent3
350 1823 411 1867 nec
424 1793 520 1868 aliter
531 1823 565 1868 se
576 1795 718 1881 habeut,
735 1823 807 1895 quae
818 1791 972 1866 Arachne
986 1790 1085 1879 texit,
1097 1808 1132 1864 et
1147 1819 1222 1891 quae

151 1925 305 1999 Minerva
320 1954 446 2000 cumea
462 1944 591 2000 certans
608 1926 643 1999 in
658 1927 810 2000 extremis
822 1927 923 2001 vestis
938 1924 1091 2026 partibus
1109 1925 1220 2026 ponit.

151 2056 272 2129 Medea
288 2055 442 2131 sublimis
460 2055 592 2153 fugiens
607 2087 647 2131 ex
662 2067 735 2132 aire
749 2057 889 2159 despicit
904 2056 976 2130 loca
991 2054 1096 2129 multa
1113 2073 1223 2131 trans-

148 2186 407 2263 formationibus
425 2207 523 2275 nota,
539 2218 611 2289 quae
622 2218 692 2261 non
705 2205 895 2276 narrantur,
909 2188 968 2262 scd
978 2205 1105 2261 tantum
1116 2188 1222 2262 attin-

152 2336 288 2412 guntur.
318 2323 444 2395 Verum
461 2321 499 2392 in
517 2319 615 2414 longe
633 2317 787 2419 plurimis
803 2317 931 2413 ingenii
947 2318 1059 2419 copias
1078 2320 1223 2394 Ovidius

150 2449 286 2537 effudit,
304 2467 336 2523 et
350 2468 511 2549 quantum
523 2451 623 2523 rebus
636 2449 771 2524 flumine
784 2448 943 2522 orationis
955 2449 1154 2523 exornandis
1166 2482 1223 2525 va-

150 2581 233 2656 leret
243 2582 407 2669 ostendit,
420 2611 458 2655 ea
470 2580 603 2683 quidem
614 2581 784 2668 varietate,
798 2599 835 2654 ut
846 2610 936 2654 nunc
946 2581 1115 2685 historici,
1130 2612 1222 2657 nunc

151 2714 321 2787 dramatici
336 2730 448 2814 partes
463 2731 594 2810 ageret;
612 2743 677 2815 qua
690 2713 763 2814 ipsa
777 2741 812 2786 re
826 2710 1009 2812 plurimum
1025 2713 1138 2809 gratiae
1151 2743 1223 2787 car-

151 2846 234 2919 mini
253 2845 458 2919 conciliatur.

201 2979 314 3051 Primo
329 2977 499 3074 ingenium
515 2977 633 3051 lectori
646 2978 682 3052 in
694 2976 1045 3051 transformationihus
1061 2977 1143 3077 ipsis
1165 2979 1220 3054 de·

152 3103 338 3178 scribendis
350 3105 530 3206 approbat3
545 3104 579 3176 in
590 3133 672 3204 quas
680 3104 769 3178 enim
776 3105 852 3177 novi
866 3106 1017 3205 eorporis
1028 3123 1138 3206 partes
1152 3106 1221 3180 sin-

152 3231 229 3327 gula
239 3231 353 3304 forma
366 3230 488 3332 prioris
498 3231 647 3304 membra
661 3231 861 3318 transierint,
875 3231 1066 3304 suavissime
1080 3251 1219 3320 enarrat,

151 3375 249 3458 atque
268 3357 315 3431 ita
331 3356 514 3431 multorum
530 3355 762 3446 animantium,
777 3353 957 3429 multarum
969 3346 1048 3430 item
1062 3357 1221 3430 arborum

151 3482 359 3584 aliarumque
374 3511 485 3555 rerum
502 3499 654 3556 naturam
669 3482 806 3555 mirifice
819 3481 939 3582 pingit.
961 3481 1064 3590 Cycno
1076 3482 1112 3556 in
1130 3512 1220 3558 avem

152 3607 205 3679 sui
225 3609 371 3682 nominis
387 3607 595 3695 transeunti,
610 3610 663 3696 ll,
681 3605 773 3708 373,

237 3820 245 3837 .
258 3819 265 3836 .
278 3819 286 3836 .
313 3782 379 3842 Vox
395 3794 439 3843 est
452 3792 565 3843 tenuata
578 3779 658 3857 viro,
673 3800 807 3862 canaeque
818 3778 933 3862 capillos

233 3877 422 3941 Dissimulant
437 3881 558 3962 plmnae,
573 3879 738 3975 collumque
751 3903 767 3940 a
783 3893 899 3963 pectore
913 3880 1034 3965 longum

232 3975 412 4058 Porrigitur,
428 3980 591 4064 digitosque
605 3980 674 4064 ligat
686 3982 817 4062 junctura
832 3979 982 4043 rubentes:
1091 4004 1094 4010 ·

232 4075 330 4166 Penua
343 4075 415 4139 latus
429 4081 530 4152 vestit3
549 4092 628 4142 tenet
643 4102 677 4143 os
694 4080 756 4143 sine
772 4082 900 4145 acumine
910 4094 1046 4145 rostrum.
