2618 4808
176 347 215 432 14
335 390 341 403 .
556 345 845 414 nonnemo

169 487 235 559 tori
251 504 416 573 crearent,
439 485 662 586 pugnantium
687 485 849 585 patriam,
873 483 1048 571 habitum,
1069 501 1242 574 conatus,

136 603 140 609 i
170 617 320 706 vulnera,
338 636 463 693 mortes
484 618 624 693 maxima
647 617 802 692 varietate
828 616 1085 717 descripserunt.
1116 619 1246 692 Noster

171 751 286 847 igitur,
299 728 558 852 quum'Perseus
573 766 606 822 et
617 749 768 824 Theseus
782 750 877 823 abeo
890 748 1100 848 producendi
1113 766 1242 838 essent,

67 983 69 986 Ι
175 913 318 985 quorum
330 883 436 957 virtus
447 883 545 956 etiam
557 882 593 955 in
605 881 729 983 praeliis
745 882 996 968 enituerat,nec
1006 882 1076 955 baec
1087 880 1128 955 ab
1140 908 1244 982 opere

174 1014 237 1090 suo
248 1018 280 1087 V
292 1033 326 1089 et
335 1017 402 1088 Xll
415 1014 531 1088 abesse
543 1012 660 1103 voluit,
673 1042 793 1116 easque
803 1015 1042 1115 descriptiones
1055 1042 1126 1088 uon
1137 1014 1243 1087 modo

171 1147 208 1220 in
223 1147 378 1220 universa
392 1144 632 1233 delineatione,
650 1146 707 1219 sed
724 1147 822 1220 etiam
835 1147 871 1219 in
886 1147 1087 1248 quibusdam
1096 1145 1244 1240 bellato-

171 1282 266 1379 ribus
282 1278 441 1352 notandis
452 1277 494 1350 ad
507 1278 656 1380 exempla
669 1278 726 1353 illa
738 1263 946 1380 composuit;
963 1278 1176 1380 eamdemque
1190 1309 1246 1353 ra*

174 1413 301 1485 tionem
317 1411 417 1483 etiam
432 1410 468 1482 in
484 1411 556 1511 apri
574 1409 750 1511 Calydonii
764 1411 939 1485 venatione
953 1388 1086 1485 secutus
1100 1429 1160 1485 est.
1177 1413 1244 1485 Ce-

135 1578 138 1582 ·
175 1545 369 1621 lebrabatur
382 1545 532 1618 omnium
550 1573 702 1619 sermone
720 1543 873 1618 sublimis
892 1543 948 1618 ille
969 1544 1108 1618 Homeri
1129 1543 1242 1653 locus,

57 1766 59 1769 ¹
174 1709 243 1781 quo
256 1679 390 1780 Jupiter
398 1706 561 1752 concusso
576 1678 683 1778 capite
695 1664 877 1778 Olympum
889 1695 1017 1752 movet:
1029 1676 1126 1752 talem
1140 1678 1246 1773 igitur

174 1816 292 1886 Jovem
312 1829 346 1887 et
368 1812 441 1912 ipse
458 1811 600 1884 induxit.
624 1810 732 1884 Pestis
750 1810 1008 1912 descriptiones,
1033 1838 1131 1911 quas,
1149 1811 1245 1884 Thu·
1272 1833 1275 1837 ’

176 1944 292 2046 cydide
307 1962 495 2046 praeeunte,
514 1944 690 2018 Lucretius
703 1961 803 2044 atque
815 1941 977 2038 Virgilius
993 1940 1171 2032 dederant,
1187 1973 1245 2017 cu-

176 2075 255 2178 pide
280 2076 322 2150 ab
341 2076 496 2150 omnibus
513 2076 728 2173 legebantur3
745 2073 846 2149 simili
860 2075 965 2169 igitur
978 2073 1073 2161 loco,
1092 2092 1246 2150 auctores

175 2208 254 2283 illos
272 2208 452 2304 effingens,
477 2237 574 2282 suurn
598 2234 732 2307 quoque
760 2232 846 2305 opus
866 2205 1003 2279 ornavit.
1034 2208 1152 2307 Neque
1168 2207 1245 2281 inde

176 2340 420 2441 Polyphemum
434 2339 559 2411 abesse
582 2336 704 2423 voluit,
724 2336 766 2410 ab
785 2338 932 2410 Homero
953 2354 986 2410 et
1000 2336 1144 2434 Virgilio
1161 2338 1246 2413 locis

176 2471 368 2565 insignibus
381 2486 542 2542 notatum.
558 2468 719 2542 Similiter
733 2469 769 2542 in
785 2469 922 2565 magicis
934 2470 1035 2544 rebus
1053 2472 1246 2545 enarrandis

178 2603 375 2690 Horatium,
389 2599 584 2696 Virgilium,
603 2619 636 2674 et
647 2601 837 2690 Tibullum,
853 2603 890 2675 in
902 2604 1002 2678 variis
1015 2604 1169 2678 aetatibus
1182 2604 1246 2677 hos

179 2736 264 2809 duos
278 2752 482 2835 postremos,
497 2751 531 2806 et
543 2734 730 2808 Hesiodum
744 2730 901 2836 respexit.
916 2737 973 2809 Ad
984 2737 1117 2832 Virgilii
1129 2755 1246 2811 aucto-

179 2869 311 2941 ritatem
329 2867 427 2940 etiam
450 2865 579 2966 Orphei
595 2895 635 2940 ex
653 2867 817 2968 Eurydice
833 2868 979 2957 luctum,
1002 2869 1148 2944 Junonis
1166 2870 1248 2944 soli-

180 2997 313 3097 loquia,
339 3014 373 3071 et
389 2997 582 3086 descensum
600 3014 665 3071 tam
682 2998 724 3071 ad
739 2999 831 3072 Deos
843 2989 1004 3088 marinos,
1023 3029 1123 3100 qnam
1139 2999 1181 3074 ad
1195 3002 1247 3074 in-

179 3128 279 3217 feros,
296 3129 477 3202 inferorum
486 3130 637 3230 ipsorum
649 3129 913 3218 delineationem,
925 3133 1072 3205 Duarum
1086 3133 1247 3208 trans-sor·

179 3260 359 3349 mationes,
374 3261 499 3361 quibus
509 3261 646 3336 fallendi
659 3292 755 3338 causa
766 3261 886 3336 anilem
894 3261 1033 3337 sormam
1047 3283 1246 3355 sumserunt,

180 3393 358 3484 fulminum
373 3394 467 3468 Jovis
485 3395 780 3495 compositionem,
796 3395 886 3468 canis
909 3395 1051 3469 venatici
1077 3397 1113 3470 in
1134 3397 1248 3497 lepore

181 3528 412 3632 persequendo
425 3529 648 3619 velocitatem,
667 3530 789 3605 multas
802 3529 1037 3606 similitudines
1050 3535 1249 3608 sententias·

180 3691 244 3763 que
264 3663 462 3763 composuit.
482 3664 523 3735 In
539 3661 663 3735 diluvio
677 3661 904 3736 Deucalioneo
919 3663 1022 3739 lineas
1036 3664 1196 3765 quasdem
1209 3696 1249 3740 ex

183 3798 326 3871 Horatio
339 3797 453 3885 duxit,
465 3795 683 3896 eumdemque
697 3796 839 3885 effinxit,
856 3826 959 3898 quum
971 3798 1037 3872 vim
1053 3816 1168 3873 cantus
1182 3802 1250 3874 Or-

182 3925 275 4028 phici
291 3928 381 4028 apud
396 3928 521 4003 inferos
538 3928 683 4002 referret,
704 3929 792 4002 Sunt
807 3947 840 4003 et
853 3929 917 4002 alia
933 3929 1021 4019 loca,
1039 3931 1075 4002 in
1094 3931 1251 4030 quibusa
1299 4006 1301 4009 .

183 4060 338 4132 Lucretio
362 4077 461 4161 atque
476 4050 633 4134 Tibullo·
646 4060 816 4162 pependit.
845 4043 886 4135 In
912 4062 1054 4136 carmine
1074 4064 1249 4162 pastoritio
