2618 4808
143 376 166 458 4
532 372 815 441 ransarro

143 513 223 588 libri
238 511 395 614 mythici,
415 527 466 584 tot
482 510 581 586 etiam
595 513 717 585 artium
734 529 973 600 monumenta,
1000 543 1074 615 quae
1086 518 1215 617 passim

141 647 185 721 ab
202 674 242 719 eo
260 672 413 745 expressa
430 643 601 732 videntur,
620 644 799 744 perierint,
817 661 907 717 certo
924 643 1033 719 dicere
1044 674 1113 720 nou
1128 678 1214 748 pos·

140 806 266 852 sumus.
295 780 411 877 Itaque
427 804 487 849 uec
504 791 652 863 constat,
669 792 782 849 utrum
798 776 872 876 ipse
888 775 1014 877 aliquid
1031 778 1067 850 iu
1085 779 1212 857 fabulis

137 911 308 985 novaverit
316 909 557 1008 addideritque,
567 935 609 981 an
621 908 812 982 Graecorum
823 926 952 983 tantum
965 912 1102 1006 vestigia
1114 941 1210 1013 pres-

137 1043 226 1117 serit.
241 1043 435 1141 Conjiciunt
445 1039 621 1129 nonnulli,
639 1039 787 1114 fabulam
798 1040 839 1115 de
850 1042 992 1143 Pyramo
1010 1058 1045 1119 et
1055 1046 1206 1136 Thisbe,

135 1194 208 1249 tum
235 1173 372 1248 alteram
396 1173 438 1246 de
464 1171 659 1247 Philemone
682 1192 716 1248 et
731 1173 893 1264 Baucide,
913 1193 1087 1279 utramque
1103 1179 1207 1278 louge

135 1307 383 1394 suavissimam,
399 1321 498 1405 atque
517 1304 615 1378 etiam
632 1304 673 1379 de
691 1304 840 1378 Sidoniis
857 1307 940 1380 Inus
953 1309 1135 1384 comitibus
1146 1282 1207 1413 ap-

134 1437 345 1541 pendiculam
363 1437 406 1510 ab
425 1437 501 1538 ipso
516 1464 587 1510 esse
603 1435 728 1523 fictam3
744 1436 802 1510 sed
815 1435 907 1510 nulla
920 1439 991 1537 ejus
1008 1441 1205 1539 conjectura

133 1601 232 1648 causa
245 1570 341 1645 reddi
357 1587 470 1670 potest
486 1567 683 1670 probabilis.
708 1567 785 1639 Hoc
802 1584 913 1641 autem
930 1569 1099 1660 videmus,
1117 1574 1205 1647 nihil

26 1764 28 1767 -
131 1710 169 1781 in
185 1707 251 1780 boc
269 1733 388 1801 genere
400 1700 617 1777 memorabile
633 1699 676 1772 ab
693 1727 733 1772 co
752 1727 821 1772 esse
834 1701 1108 1799 pretermissum,
1122 1723 1157 1779 et
1167 1707 1204 1780 iu

131 1860 223 1916 tanta
240 1841 411 1927 varietate,
430 1867 495 1937 qua
511 1834 619 1936 mytbi
635 1850 728 1907 crant
743 1832 875 1922 traditi,
894 1834 1056 1908 rationem
1072 1839 1204 1939 ubique

130 1973 198 2048 fere
214 2001 286 2048 eam
301 1999 374 2046 esse
389 1968 562 2055 delectam,
582 1994 655 2066 quae
672 1963 723 2038 vel
736 1963 918 2065 plurimum
934 1986 1072 2042 omatus
1085 1971 1204 2047 admit·

131 2123 231 2196 teret,
251 2122 292 2178 ut
312 2103 458 2203 impetus
473 2098 611 2174 Althaeae
627 2098 664 2171 in
679 2095 806 2185 filium,
824 2096 876 2170 vel
893 2097 1013 2172 decoro
1029 2129 1202 2179 commen-

131 2239 282 2325 daretur,
300 2263 369 2336 quo
386 2232 533 2334 pertinet
548 2228 689 2302 mutatio
705 2227 801 2328 pueri
814 2228 851 2299 in
866 2227 1074 2321 stellionem,
1096 2252 1199 2336 atque

129 2369 269 2472 Cephali
286 2386 320 2442 et
336 2362 507 2439 Procridis
523 2361 606 2448 fata,
621 2358 745 2459 quibus
763 2361 874 2460 turpia
886 2361 1050 2437 nonnulla
1066 2366 1109 2439 ab
1124 2367 1199 2444 aliis

128 2518 223 2576 erant
237 2498 391 2573 admixta.
412 2494 523 2590 Quam
541 2519 603 2587 ego
616 2486 750 2565 laudem
761 2519 832 2565 non
849 2494 1127 2572 contemnendam
1144 2529 1200 2574 ar-

128 2635 248 2708 bitror.

175 2770 265 2840 Tum
278 2781 382 2838 artem
396 2761 551 2836 admirari
568 2761 662 2852 licet,
680 2793 747 2865 qua
766 2765 958 2839 foecundom
974 2785 1082 2867 pocta
1098 2769 1197 2863 inge-

126 2901 220 2973 nium
238 2914 290 2970 tot
304 2893 435 2970 fabulas
451 2894 488 2965 in
502 2895 603 2967 unius
621 2897 772 2996 corporis
789 2897 932 2997 speciem
949 2899 1142 2998 conjunxit,
1157 2923 1197 2976 ut

125 3058 200 3105 vere
219 3042 398 3130 perpetum
415 3052 545 3098 carmen
562 3027 673 3099 vocari
693 3044 818 3126 posset
837 3027 1052 3102 domatione
1075 3033 1194 3107 mundi

125 3189 262 3238 exorsus
273 3157 433 3233 lectorem
449 3156 592 3243 sensim,
611 3175 734 3231 etcum
752 3159 894 3231 maxima
912 3161 983 3257 ejus
999 3160 1191 3263 voluptate,

126 3295 260 3371 deducit
282 3319 345 3392 per
360 3289 510 3362 omnium
536 3287 722 3361 seculorum
747 3290 863 3362 seriem
882 3288 924 3361 ad
941 3318 1000 3364 sua
1018 3308 1193 3394 tempora,

123 3449 250 3506 servata
265 3443 448 3524 utcumque
465 3422 626 3522 temporis
651 3423 789 3495 ratione.
819 3422 916 3498 Mitte
941 3426 1045 3520 igitur
1070 3430 1192 3506 modos

123 3563 267 3649 invenit,
285 3557 411 3659 quibus
427 3555 469 3628 ab
484 3552 547 3627 alia
563 3551 676 3627 fabula
693 3554 851 3627 transiret
862 3554 905 3628 ad
921 3555 1029 3631 aliam.
1057 3561 1138 3636 Hac
1156 3593 1192 3638 se

122 3694 241 3781 offert,
260 3691 338 3792 quia
363 3684 548 3763 similitudo
569 3684 601 3757 ei
627 3684 777 3784 quaedam
799 3714 874 3758 cum
897 3689 1069 3786 superiore
1087 3693 1192 3769 inter-

122 3824 226 3910 cedit3
243 3822 317 3906 illa,
336 3820 415 3921 quia
429 3816 471 3892 ad
492 3815 644 3890 eumdem
668 3815 836 3923 hominem
855 3817 1003 3892 Deumre
1028 3823 1191 3919 pertinet,

121 3974 179 4031 aut
192 3954 270 4056 quia
282 3981 335 4026 res
350 3952 385 4024 in
398 3949 510 4024 eadem
524 3964 610 4020 terra
622 3963 715 4042 gesta
724 3963 784 4019 est.
800 3947 884 4019 Mox
894 3947 1009 4047 hymni
1022 3972 1191 4030 canuntur

115 4083 430 4185 metamorphoseon
453 4079 562 4182 pleni,
579 4106 659 4153 mox
673 4075 829 4152 mulieres
849 4095 968 4152 texunt
990 4105 1188 4176 argumenta
