2618 4808
235 404 302 475 DE
326 402 496 472 OPERE
519 396 1058 468 METAMORPHOSEON.
1141 406 1180 466 er

197 553 376 617 Ponderibus
393 554 492 615 librata
506 553 565 613 suis
580 576 588 613 :
601 562 656 614 uec
669 550 890 635 brachia-longo

195 655 326 739 Margine
338 669 478 715 terrarum
492 665 656 735 porrexerat
669 651 857 734 Amphitrite.
880 683 883 689 ¹

126 807 180 882 Sed
194 824 314 909 postea
330 808 424 881 Deus
438 806 538 907 jussit
542 805 633 904 freto
650 804 802 905 diffiurrdi,
831 804 1002 906 rubidisque
1027 819 1187 877 tumescere

125 940 232 1023 uentis,
258 937 387 1012 extendi
401 966 523 1037 compos
535 966 546 1022 ,·
560 936 715 1010 subsidere
735 937 853 1021 uelles,
897 934 1051 1038 lapidosos
1070 964 1190 1037 surgere

122 1084 236 1142 morus.
255 1066 366 1141 Multa
381 1067 500 1141 euhoe
519 1095 638 1163 genere
650 1062 815 1163 insignia,
834 1068 911 1155 XV,
925 1067 961 1141 in
978 1064 1111 1168 placitis
1125 1060 1191 1168 Py-

121 1198 277 1296 thagorae;
290 1199 348 1273 sed
362 1228 430 1300 prae
441 1182 566 1274 ceteris
581 1200 713 1319 eminet,
722 1197 871 1287 200-13,
882 1198 979 1273 iocus
990 1200 1030 1273 de
1043 1217 1189 1302 quatuor

121 1332 190 1405 anni
212 1331 386 1433 partibus,
405 1324 529 1432 quibus
548 1331 740 1407 suavissime
764 1332 913 1406 bominis
936 1332 1098 1406 attributa
1115 1332 1190 1415 data

119 1481 200 1537 sunt.
219 1464 341 1564 Aperit
355 1460 480 1555 annum
496 1479 581 1538 tener
598 1482 633 1540 et
657 1448 772 1538 lactem
783 1493 889 1565 puer,
911 1460 1034 1539 roboris
1049 1495 1180 1568 expers,

118 1599 263 1700 sequitur
274 1598 380 1673 robore
388 1598 498 1672 uelem
509 1617 542 1673 et
551 1616 687 1673 estuans
693 1575 834 1698 juvenis,
848 1574 1187 1701 quempositosereore

112 1731 252 1830 sucuro,
269 1729 420 1807 Maturus
430 1729 572 1832 mitisque
583 1732 777 1806 Autumnus
791 1731 923 1835 excipit.
938 1731 993 1805 Ad
1006 1751 1188 1808 extremum

238 1944 247 1961 .
261 1940 290 1958 ·.
309 1900 434 1978 Senibs,
452 1901 553 1961 Hiems
563 1901 688 1973 tremulo
699 1894 779 1964 renit
792 1901 910 1963 horride
921 1923 1023 1985 passu,

196 2007 261 2070 Aut
278 2007 499 2090 spoliata-suos,
512 2000 580 2082 aut,
600 2020 676 2088 quos
691 2007 793 2084 babet,
808 2007 871 2070 elba
886 2008 1014 2091 capillos.

118 2155 177 2229 His
200 2155 286 2230 adde
308 2156 408 2244 Noti,
430 2156 568 2245 Boreae,
592 2155 728 2231 Inuidiae
733 2213 756 2249 ,.
765 2157 897 2245 Famis,
925 2159 1051 2246 Famae,
1070 2157 1189 2230 Somni

118 2288 374 2391 descriptiones,
393 2289 429 2362 in
448 2290 572 2390 quibus
590 2319 630 2364 ex
645 2288 776 2364 illarum
795 2291 906 2364 rerum
923 2290 1094 2364 attributis
1111 2319 1190 2391 per-

116 2448 214 2495 sonas
232 2448 413 2520 earumqne
430 2420 599 2495 domicilia
619 2421 896 2527 miiiiicp'(naevis
913 2422 1028 2523 paucis
1045 2421 1187 2516 demtis)

116 2553 317 2655 composuit.
332 2555 408 2626 Jam
417 2553 447 2627 si
455 2553 524 2627 baec
539 2553 585 2627 ita
594 2553 681 2629 inter
691 2550 985 2657 se⁸comperaueris,
995 2572 1034 2627 nt
1043 2555 1190 2655 primum

116 2684 228 2758 rabidis
241 2701 405 2761 tumescere
423 2679 524 2759 ueut's
540 2707 649 2791 ponas
657 2676 674 2773 ,'
684 2676 775 2775 'trinu
792 2672 919 2759 brachiu
935 2686 1028 2787 louge
1044 2665 1190 2787 Margine

114 2835 259 2894 tenerum
271 2806 456 2922 porrexerat
470 2819 687 2929 Aruphitrr'te,
699 2831 779 2922 “post
794 2820 864 2894 baec
881 2820 993 2894 locum
1011 2821 1052 2895 de
1069 2824 1189 2896 annuis

64 2986 67 2995 ·
115 2930 657 3061 vicissitudinibusautparteni‘
629 2983 710 3054 epus,
724 2953 868 3056 'deniqne
878 2985 917 3030 ex
928 2955 980 3045 iis,
995 2948 1185 3059 qnasmodo

115 3084 260 3176 laudavi,
279 3087 530 3190 prosopopoeiis
548 3098 665 3161 unam·
659 3082 912 3219 gradationem
922 3087 1191 3186 habebisimagi-
1220 3175 1223 3189 Ι

116 3247 195 3294 num
209 3220 393 3319 egregiam,
404 3250 547 3322 quarum
560 3200 713 3321 proxima
724 3249 862 3322 quaeque
875 3221 1113 3322 praecedentem
1122 3221 1189 3324 ple

115 3353 267 3428 nitndine
290 3370 436 3455 superat.
464 3352 624 3428 Personis
636 3352 875 3477 mythologicis
888 3356 1018 3463 egregie
1033 3356 1190 3430 animavit

115 3479 290 3560 locaveris.
298 3483 451 3580 -1264
459 3486 668 3588 sqq,Notus
678 3481 797 3575 evolat,
808 3464 1190 3583 1313311333333361633
1240 3550 1243 3555 .
1283 3580 1287 3589 μ

118 3617 223 3712 adfert
230 3620 439 3719 ,Neptunus
456 3636 618 3692 convocat
629 3619 773 3707 Amnes,
788 3617 911 3691 Triton
928 3647 1077 3692 recessus
1090 3621 1188 3693 canit.

116 3751 155 3823 In
172 3750 331 3824 omnibus
349 3750 416 3825 fere
434 3766 468 3823 et
482 3748 769 3852 descriptionibus
784 3768 818 3825 et
833 3751 1084 3826 narrationibus
1097 3752 1191 3849 inge-

117 3882 207 3955 nium
221 3900 332 3984 poetae
346 3900 414 3955 tam
429 3879 466 3955 in
480 3880 702 3973 tenuissimis,
717 3911 816 3985 qnam
829 3882 865 3955 in
877 3882 1079 3978 gravissimis
1091 3884 1193 3960 rebus

118 4015 270 4090 admirari
288 4014 378 4120 licet.
411 4017 461 4088 Ut
477 4043 496 4090 a
511 4015 673 4091 brevibus
696 4016 846 4099 tenuium
862 4044 974 4090 rerum
995 4016 1195 4120 descriptio-

119 4150 216 4224 nibus
227 4149 407 4252 ineipiam‚
425 4146 480 4221 cui
494 4174 566 4221 non
582 4145 725 4248 placeat,
743 4151 778 4235 l,
797 4145 887 4236 335,
905 4147 1033 4222 become
1046 4144 1196 4235 Tortilis,
