2618 4808
233 370 303 438 DE
334 368 506 437 OPERE
535 364 1058 436 METAMORPHOSEON.
1143 392 1183 464 19

120 513 239 599 -·V1‚
263 534 444 610 192sqq.,
466 507 578 582 Niobe
597 509 746 609 quinque
764 506 918 582 formulis
935 525 1033 604 urget
1048 509 1131 602 hoc,
1150 542 1185 588 se

115 646 295 720 liberorum
312 670 452 716 numero
471 645 608 716 Latonae
630 659 797 743 praestare.
825 685 864 697 -
881 644 968 732 Vll,
1003 669 1184 747 179sqq.,

114 783 213 854 Lunae
224 806 339 853 cornua
348 792 413 852 tota
429 791 552 862 meunt,
568 775 705 877 efficiunt
713 777 832 862 orbem,
848 776 921 878 ipsa
933 777 1112 878 pleurisim
1121 781 1186 856 sul-

115 933 176 1012 get,
191 931 226 988 et
238 911 339 987 solida
350 912 481 1012 rinugine
497 927 624 1011 spectat
637 913 902 999 terram-XII,
918 910 965 1006 46
976 940 1069 1015 sqq„
1086 917 1187 990 Fama

115 1065 174 1124 totu
171 1049 304 1150 fremit,
326 1074 417 1120 voces
430 1045 539 1146 resen,
559 1047 648 1119 cierat
659 1043 744 1147 quod
753 1045 858 1132 audit,
876 1046 982 1121 Nullo
995 1049 1079 1149 quz'es
1088 1050 1184 1142 intus,

115 1186 257 1286 nudoque
274 1182 395 1256 silendo
405 1197 505 1282 parte.
527 1179 637 1255 Miror
647 1181 759 1282 itaque
774 1181 939 1270 Criticos,
955 1183 1013 1284 qni
1024 1182 1077 1259 his
1091 1203 1125 1259 ct
1140 1204 1188 1260 ta-

115 1320 202 1395 libus
211 1349 282 1394 non
295 1317 416 1392 offensi
427 1335 548 1406 essent,
561 1345 676 1391 versus
689 1346 834 1391 resecare
845 1316 1001 1405 voluisse,
1014 1317 1049 1391 in
1064 1319 1189 1419 quibus

116 1455 218 1529 multo
229 1453 637 1543 minusredundandnut
649 1454 744 1541 VIII,
760 1451 804 1553 8,
816 1481 825 1538 3
836 1452 897 1527 ubi
905 1471 986 1554 post
997 1454 1098 1528 verba
1102 1483 1189 1552 pru·

115 1589 210 1693 doque
219 1590 323 1690 pott'ta
338 1587 473 1690 nefando
489 1588 643 1689 sequitur
658 1616 773 1662 versus
792 1588 933 1662 Heinsio
952 1589 1164 1689 improbatus
1179 1617 1187 1663 :

192 1771 263 1830 Fert
277 1788 373 1829 secum
386 1767 511 1848 spolium
523 1765 656 1843 sceleris,
668 1788 877 1851 progressaque
890 1781 990 1850 porta,
1001 1782 1056 1830 etc.

115 1948 207 2023 Talia
233 1947 320 2043 bene
341 1943 448 2019 multa
467 1945 719 2018 commemorari
736 1963 886 2045 possent.
919 1988 958 2002 —
990 1948 1083 2050 Saepe
1102 1951 1190 2025 enirn

117 2085 207 2157 otiosa
221 2079 387 2155 nonnulla
402 2079 558 2179 subjicit,
575 2096 609 2152 ct
624 2079 792 2169 interdurn
808 2081 889 2187 satis
906 2082 1057 2181 longuaile.
1073 2127 1112 2140 -
1126 2087 1188 2159 Ill.

119 2219 210 2320 715,
230 2219 317 2292 bene
336 2215 443 2302 dixit,
459 2216 520 2288 ruit
535 2215 633 2287 oannis
648 2215 681 2325 io
699 2243 792 2288 unuin
813 2214 848 2289 T
847 2216 925 2290 urba
924 2216 1060 2316 frtrem,
1087 2220 1190 2294 modo

116 2385 156 2430 ne
173 2354 366 2441 addidisset,
378 2367 495 2426 cunctae
510 2366 798 2451 coeuutcuuctaeque
812 2354 1089 2451 sequuntur-Il,
1110 2352 1188 2443 168,

117 2491 205 2564 Solis
222 2489 423 2591 equi-ruunt
444 2488 605 2588 tn'tmnque
628 2487 801 2588 relinquunt
820 2485 975 2586 Spotimn.
1004 2488 1080 2561 Hoc
1110 2489 1190 2563 satis

116 2624 249 2712 fuisset3
267 2623 327 2698 sed
343 2624 456 2724 inepte
474 2623 601 2723 pergit,
620 2650 696 2708 uec,
727 2649 786 2722 quo
797 2621 909 2722 prius,
930 2620 1036 2694 ordine
1056 2637 1189 2696 currum.

115 2759 202 2857 Ubi,
219 2760 279 2846 IV,
300 2755 388 2846 300,
401 2757 528 2862 fontem
541 2757 666 2831 clarum
679 2754 760 2831 satis
774 2755 1009 2857 descripserat,
1020 2785 1090 2830 non
1105 2774 1189 2846 erat,

117 2924 176 2969 cur
187 2893 338 2982 adderet,
345 2893 526 2995 perspicuus
540 2892 641 2994 liquor
650 2907 704 2984 cst.
719 2891 835 2990 Quid?
851 2893 912 2979 XI,
925 2890 1007 2992 519,
1018 2909 1098 2992 post
1109 2892 1192 2966 hor-

117 3029 220 3104 renda
237 3027 444 3130 tempestatis
462 3024 682 3129 phaenomena
694 3045 825 3116 monet,
842 3023 916 3100 velo
932 3026 1092 3101 rnoduisse.
1113 3029 1192 3101 Non

119 3163 224 3262 igitur
235 3181 325 3253 erat,
338 3192 398 3237 cnr
408 3163 579 3252 Heinsius,
589 3164 666 3252 Vll,
682 3162 763 3264 527,
776 3157 879 3236 uerba
889 3189 958 3264 qun
968 3162 1188 3265 uictupitcebut,

117 3317 154 3374 ut
169 3299 282 3374 otiosa
300 3316 334 3372 ct
346 3297 504 3396 languida
514 3316 594 3400 post
608 3298 798 3400 superiora,
812 3296 920 3372 deleta
928 3294 1052 3371 mallet.
1069 3298 1192 3370 Intem-

118 3436 242 3538 pestive
252 3435 352 3510 etiarn
362 3434 496 3524 inserit,
510 3463 583 3535 quae
593 3433 797 3508 brevitati'et
806 3432 1038 3534 perspicuitati
1053 3430 1190 3504 obsunt.

121 3572 222 3661 -IV,
243 3568 398 3671 61619,
411 3570 559 3671 ΙΡειέειιε
578 3596 679 3670 super
694 3567 837 3668 Libycas
850 3567 977 3669 pendet
987 3594 1123 3654 arenas,
1138 3583 1191 3656 et,

118 3705 206 3795 626,
223 3705 380 3780 consistit
394 3705 430 3778 in
446 3733 550 3800 regno
564 3702 722 3777 Atlantis.
739 3704 865 3775 Versus
878 3701 982 3798 igitur
993 3698 1140 3790 620-25,
1155 3700 1192 3774 in

119 3841 240 3942 quibus
255 3840 324 3913 huc
335 3857 370 3913 et
382 3837 479 3929 illuc,
495 3838 538 3912 ad
553 3840 678 3911 Arctos
691 3855 725 3911 et
736 3837 778 3911 ad
791 3839 957 3912 Cancrum
967 3833 1067 3923 volat,
1083 3832 1191 3909 alieno

118 3952 191 4050 loco
204 3975 384 4075 interjecti.
403 3975 491 4048 Sunt
509 3991 625 4047 contra
637 3970 730 4061 loca,
747 3971 784 4045 in
799 3969 922 4071 quibus
934 3969 1026 4044 nitrio
1042 3969 1193 4046 brevitates

121 4111 216 4188 stedia
230 4114 342 4186 factus
355 4126 405 4184 est
420 4108 603 4182 obscurior.
623 4090 674 4180 Eo
685 4106 789 4196 vitio,
807 4109 840 4194 l,
867 4131 934 4206 ¹70
951 4135 1045 4208 sqq„
1062 4105 1193 4180 laborat
