2618 4808
181 371 248 438 DE
279 371 446 439 OPERE
473 370 1017 442 METAMORPHOSEON.
1103 377 1140 441 15

63 508 268 611 Polyphemi
278 512 376 598 Xlll,
388 509 459 611 789
469 539 556 611 sqq,
568 510 787 585 Theocritum
796 529 871 586 ante
880 510 999 586 oeulos
1010 512 1141 587 habuit.

62 640 239 716 Nonnulla
250 643 370 716 sumsit
378 642 422 716 ab
431 642 593 743 Euripide
604 673 614 717 ι
626 670 734 744 neque
749 659 858 718 tamen
871 645 1059 744 putandum
1073 663 1142 733 est,

64 802 184 875 presso
202 802 280 849 eum
298 774 384 875 pede
403 792 554 850 auctores
572 774 651 849 illos
667 794 817 851 secutum
838 803 931 866 esse,
951 778 1009 852 sed
1026 779 1072 852 ita
1085 807 1144 853 eos

64 906 233 1006 respexit,
258 923 297 980 ut
313 906 424 980 solent
449 906 606 1007 preclara
630 909 765 1005 ingenia
792 909 935 984 aliorum
958 911 1092 985 inventa
1108 913 1144 984 in

66 1067 166 1113 suum
183 1067 284 1113 usum
301 1057 502 1114 convertere.
518 1042 559 1113 ln
570 1040 774 1142 Tisiphones
787 1041 906 1115 habitu
924 1042 1144 1118 describendo

66 1172 126 1260 lV,
139 1169 228 1262 480,
240 1171 443 1245 concertavit
452 1199 527 1244 curu
538 1170 694 1266 Virgilio,
709 1202 850 1274 eumque
863 1174 945 1247 adeo
957 1176 1145 1274 superavit:

67 1276 101 1376 et
117 1332 192 1404 quae
208 1303 266 1377 ille
285 1303 466 1379 delumine
485 1332 546 1404 per
570 1321 691 1379 terram
713 1305 824 1380 lissam
848 1308 884 1380 in
904 1325 1026 1382 tartara
1040 1337 1145 1409 pene-

68 1450 176 1508 trante
199 1434 313 1508 obiter
334 1452 480 1524 tantum,
506 1436 763 1537 comparationis
781 1466 903 1525 causa,
928 1440 1080 1528 dixerat,
1108 1469 1146 1514 ea

68 1569 191 1642 Noster
203 1570 247 1657 V,
264 1567 336 1640 356
348 1597 439 1670 sqq,
452 1568 561 1642 multo
573 1568 693 1643 melius
706 1597 783 1643 cum
793 1571 958 1658 Homero,
974 1571 1032 1671 qui
1046 1572 1145 1646 etiam

68 1700 213 1796 Virgilio
238 1702 431 1801 praeiverat,
451 1701 615 1775 adhibuit.
634 1703 820 1803 Superatur
837 1702 971 1803 quidem
988 1705 1076 1792 XII,
1104 1730 1145 1776 12

70 1860 160 1932 sqq.,
176 1833 213 1905 in
226 1831 342 1906 sabula
352 1832 393 1908 de
407 1832 548 1908 dracone
563 1835 598 1906 in
612 1832 757 1934 lapidem
769 1852 898 1909 mutato
914 1837 956 1910 ab
972 1838 1142 1924 Homero;

70 1964 127 2038 scd
151 1967 254 2054 Vlll,
276 1964 369 2067 738,
388 1967 424 2038 in
440 1966 678 2040 Erisichthone
701 1967 854 2055 notando
872 1968 1026 2069 superior
1044 1968 1147 2046 Calli-

70 2096 205 2187 macho,
225 2115 313 2173 certe
326 2127 396 2173 non
410 2099 571 2186 deterior,
589 2098 764 2199 reperitur.
781 2098 929 2172 laudem
940 2099 1046 2194 igitur
1059 2117 1094 2173 et
1108 2101 1145 2173 in

71 2228 141 2306 aliis
157 2231 314 2305 imitandis
326 2249 480 2325 ,meretur
499 2262 507 2305 :
526 2259 635 2332 neque
652 2259 732 2304 vcro
749 2230 925 2305 insentiom's
944 2228 1142 2325 gloriarum
1171 2277 1173 2282 ·

71 2364 221 2444 fraudare
239 2366 344 2440 decet.
363 2366 497 2440 Etenim
516 2393 589 2466 quae
606 2364 649 2438 ad
661 2363 802 2437 aliorum
816 2363 1036 2437 imitationem
1052 2393 1143 2438 com-

18 2482 32 2502 i
72 2499 200 2597 posuit,
218 2527 256 2572 ea
271 2499 441 2573 minimam
462 2496 658 2598 amplissimi
676 2496 789 2596 operis
810 2496 911 2594 hujus
926 2513 1054 2595 partem
1073 2495 1146 2570 elli-

72 2628 182 2718 ciunt,
202 2658 307 2730 quum
318 2630 492 2703 innumera
502 2628 576 2702 loca
584 2629 684 2701 variis
696 2627 878 2700 virtutibus
892 2628 1029 2716 eximia,
1043 2630 1143 2703 innu-

72 2790 159 2836 mera
175 2761 351 2858 figmenta,
370 2761 521 2863 plurime
537 2757 827 2860 amplificationes,
849 2760 1060 2848 notationes,
1082 2761 1142 2836 de-

72 2895 281 2995 scriptiones,
290 2893 537 2995 dispositiones,
547 2891 793 2979 similitudines,
807 2890 937 2991 aliaque
949 2912 1142 2967 ornamenta

73 3029 157 3118 sint,
173 3029 268 3132 quod
282 3030 448 3118 sciamus,
467 3028 574 3129 ipsius
592 3026 716 3101 Ovidii.
748 3028 855 3098 Famae
872 3028 1142 3126 prosopopoeiam

73 3191 281 3237 communem
296 3161 429 3262 quidem
440 3189 515 3234 cum
525 3158 669 3255 Virgilio
682 3158 802 3246 habet,
821 3158 878 3232 sed
892 3159 927 3230 in
939 3187 976 3233 ea
988 3159 1143 3256 lingenda

73 3323 168 3370 suum
186 3294 360 3389 ingenium
376 3310 510 3366 secutus
523 3308 595 3379 est,
610 3288 702 3390 quod
716 3305 750 3362 et
764 3288 800 3360 in
812 3289 942 3377 Famis,
959 3290 1096 3364 Invidia
1110 3306 1143 3363 et

75 3427 188 3501 Somni
202 3427 359 3529 personis
371 3425 567 3522 effingendis
582 3425 619 3496 in
637 3450 791 3518 maguam
804 3451 897 3497 susm
914 3422 1043 3498 laudem
1054 3423 1140 3497 lecit.

71 3560 234 3662 Lycaonis
252 3559 456 3661 impietatem
466 3576 500 3632 et
510 3585 642 3658 poenam
652 3586 722 3630 non
735 3557 806 3657 ipse
816 3558 936 3645 relert,
956 3556 1014 3630 sed
1025 3559 1143 3630 lovem

72 3709 258 3768 narrantem
270 3691 409 3765 inducit.
429 3691 493 3764 llic
510 3690 616 3786 igitur
627 3688 718 3762 haud
734 3688 835 3761 dubie
848 3689 919 3788 ipse
933 3715 1002 3759 rem
1015 3687 1062 3760 ita
1075 3686 1143 3760 dis·

74 3829 202 3929 posuit,
220 3845 261 3901 ut
278 3825 349 3901 cccli
365 3825 509 3920 regiam,
529 3840 730 3897 conventum
752 3823 921 3908 Deorum,
951 3820 1045 3893 Jovis
1058 3848 1143 3921 prae·

75 3961 192 4037 sidium
209 3959 312 4034 nobis
325 3976 403 4032 ante
421 3955 536 4030 oculos
553 3973 713 4056 poneret,
732 3955 905 4054 eidemque
926 3954 999 4026 Deo
1018 3954 1144 4027 oratio-

74 4123 144 4170 nem
155 4095 320 4172 tribueret
331 4088 593 4178 disertissimam,
605 4089 659 4161 cui
668 4085 782 4161 fabula
791 4086 831 4160 de
843 4089 995 4186 Lycaone
1004 4087 1139 4159 intexta.
