2618 4808
172 359 241 427 DE
278 359 447 428 OPERE
476 357 1002 428 METAMORPHOSEON.
1088 364 1125 429 13

55 501 232 591 cutoriam,
244 502 450 596 magicam),
468 499 579 590 lusus,
591 502 694 590 rixas,
710 501 869 590 lotiones,
880 503 1029 602 nuptias,
1046 532 1128 577 con-

56 634 158 723 vivia,
169 635 366 724 certamina,
377 635 456 707 item
467 662 540 735 quae
552 633 594 707 iis
604 632 656 708 vel
664 634 882 729 contingunt,
893 633 944 708 vel
957 633 1126 724 accidunt,

58 784 116 840 ant
128 795 149 840 a
161 784 281 840 natura
295 766 422 840 tributa
431 784 527 855 sunt,
542 764 719 854 diluvium,
731 783 872 866 pestem,
887 765 1023 854 famem,
1036 795 1126 840 som-

59 925 156 988 num,
175 898 322 985 somnia,
340 914 586 997 paupertatem,
604 925 708 997 opum
722 896 977 985 abundantiam,
992 896 1129 970 dilania-

60 1029 210 1117 tionem,
241 1028 498 1129 discerptionem
521 1028 769 1116 membromm,
787 1028 1016 1123 naufragium,
1040 1027 1129 1103 mille

59 1161 173 1235 mortis
188 1188 319 1256 genera.
337 1161 471 1232 Partem
483 1157 592 1232 adhuc
605 1187 716 1233 rerum
729 1161 954 1260 expositarum
967 1163 1127 1236 recensui.

59 1291 234 1367 Accedunt
247 1292 334 1366 euim
343 1290 562 1392 plurimarum
571 1318 696 1377 rerum,
710 1319 793 1391 quas
806 1308 839 1364 et
847 1308 964 1365 natura
975 1292 1128 1392 protulit,

59 1440 93 1496 et
111 1441 290 1524 poetarum
314 1423 448 1518 ingenia
472 1422 657 1509 linxerunt,
685 1420 942 1522 descriptiones,
961 1423 1048 1497 sedis
1066 1453 1129 1498 cae·
1201 1432 1204 1448 '

59 1554 165 1642 lestis,
179 1555 280 1650 regiae
289 1553 379 1628 Solis
390 1583 465 1628 cnm
480 1582 579 1627 curru
593 1551 693 1626 solari
704 1570 737 1626 et
749 1552 864 1652 equis,
881 1552 951 1626 caeli
963 1554 1128 1641 stelliferi,

59 1685 259 1773 inferorum,
273 1685 507 1773 animantium,
522 1683 728 1785 plantarum,
742 1685 925 1772 montium,
936 1684 1128 1773 fluviorum,

60 1817 221 1907 sontium,
240 1835 415 1891 ventorum
433 1832 741 1916 tempestatumque.
768 1817 881 1916 Atque
897 1818 967 1890 haec
983 1819 1029 1892 ita
1043 1837 1130 1893 trae-

62 1966 129 2022 uta
154 1964 256 2036 sunt,
283 1965 322 2021 ut
344 1947 538 2021 omniafere
556 1949 636 2022 artis
653 1948 824 2022 rhetoricae
843 1967 876 2022 et
892 1951 1028 2049 poeticae
1045 1979 1131 2051 prae-

64 2098 158 2182 cepta
169 2078 329 2180 exemplis
343 2108 383 2154 ex
397 2080 463 2153 hoc
474 2108 573 2180 opere
589 2080 703 2180 petitis
714 2079 873 2153 illustrari
884 2084 1027 2182 possint.
1041 2085 1130 2158 Con-

65 2214 148 2288 tinet
164 2214 254 2287 enim
271 2213 497 2300 narrationes,
522 2213 707 2302 orationes,
727 2213 905 2314 epistolas,
930 2213 1129 2317 soliloquia,

64 2346 251 2420 notationes
266 2373 417 2433 morum,
432 2344 672 2445 descriptiones
689 2345 879 2433 hominum,
893 2345 1059 2435 locorum,
1079 2377 1131 2421 re—

63 2506 160 2567 rum,
177 2477 342 2580 hymnos,
365 2476 459 2551 lusus
481 2478 627 2572 ingenii,
656 2495 695 2550 ut
720 2504 849 2550 carmen
865 2477 1076 2576 pastoritium
1096 2499 1131 2555 et

64 2618 352 2709 παρακλαυσίθυρον,
366 2610 639 2711 prosopopoeias,
659 2607 912 2697 similitudines,
930 2613 1129 2700 sententias,

65 2746 228 2833 acumina,
247 2743 370 2839 figuras
388 2743 496 2816 omnis
514 2742 654 2837 generis.
673 2745 723 2815 Ea
736 2770 814 2814 vero
829 2744 1022 2837 tractatione
1041 2773 1129 2818 nune

64 2877 200 2975 jucundi
214 2896 248 2952 et
257 2877 362 2951 teneri
375 2903 493 2951 sensus
505 2873 542 2946 in
555 2875 665 2947 animo
678 2872 819 2968 legentis
830 2874 1025 2963 excitantur,
1041 2906 1130 2950 nunc

67 3009 326 3085 vehementiores
345 3008 491 3082 adfectus
510 3023 771 3080 commoventur.

116 3143 255 3232 Restat,
281 3159 320 3215 ut
332 3141 398 3240 jam
420 3138 605 3228 videamus,
627 3168 694 3239 quo
725 3167 880 3212 successu
906 3138 963 3213 illa
990 3141 1131 3215 Ovidius

68 3274 282 3349 exornaverit.
303 3271 576 3346 Consormaverat
591 3269 763 3364 ingenium
780 3270 821 3342 ad
843 3273 1133 3370 praestantissimo·

67 3438 157 3502 rum,
176 3437 263 3512 quos
283 3407 455 3481 Graecia'et
471 3409 581 3479 Roma
595 3401 758 3491 tulerant,
776 3423 951 3504 poetarum
964 3404 1131 3506 exempla3

67 3574 171 3648 neque
187 3545 270 3620 adeo
289 3543 410 3616 mirum
426 3559 493 3629 est,
510 3540 636 3641 passim
653 3567 727 3612 enm
741 3538 875 3613 eosdem
890 3541 972 3614 etin
988 3539 1132 3639 disposi-

68 3668 154 3756 tione
167 3708 280 3772 rerum
293 3676 539 3789 tractandarum
552 3674 635 3749 etin
652 3674 854 3748 ornamentis
863 3673 977 3746 multis
988 3672 1133 3746 tinelande

68 3812 274 3915 expressisse.
288 3807 385 3882 Pleni
397 3822 477 3879 sunt
487 3823 661 3906 poetarum
674 3805 860 3906 principes,
878 3806 1045 3877 Homerus
1056 3805 1134 3879 Vir·

69 3949 255 4050 giliusque‚
282 3944 331 4019 sic
357 3942 444 4015 enim
478 3941 604 4015 Iliados
630 3958 664 4014 et
688 3939 850 4014 AEneidos
876 3940 961 4013 ratio
986 3940 1132 4026 ferebat,

68 4080 183 4182 praeliis
203 4076 444 4175 caedibusque,
455 4072 491 4146 iu
506 4071 630 4172 quibus
642 4070 848 4158 enarrandis,
865 4098 907 4144 ue
921 4071 1055 4146 taedium
1068 4070 1134 4145 lec—
