2618 4808
556 360 820 443 rnnrnrro

241 495 340 558 Edidit
355 495 498 575 hinnitus,
514 510 544 558 et
559 497 672 558 brachia
684 500 776 560 movit
789 499 820 559 iu
834 497 945 559 herbas.

240 605 318 663 Turn
334 601 416 685 digiti
429 617 551 681 coeunt,
567 616 596 664 et
611 604 716 684 quinos
731 603 834 688 adligat
850 625 961 687 ungues

239 710 384 791 Perpetuo
401 731 492 770 cornu
507 709 577 770 levis
592 709 718 790 ungula:
731 710 874 771 crescitet
889 709 947 770 oris

157 834 160 841 “
239 816 280 876 Et
294 814 360 876 colli
376 815 497 897 spatium
516 815 632 900 :longae
646 838 709 897 pars
722 815 822 876 ultima
838 814 918 896 pallae

239 919 336 980 Cauda
350 920 383 980 lit
397 932 506 1000 :utque
519 920 583 1002 vagi
599 919 691 980 crines
705 939 757 1002 per
770 919 843 981 eolla
855 916 1003 1000 jacebant,

240 1027 277 1086 ln
293 1027 401 1086 dextras
415 1024 509 1085 abiere
522 1024 613 1106 jubas.

162 1183 364 1281 Quanquam
378 1179 434 1253 hic
447 1180 583 1275 ingenio
602 1181 727 1255 abusus
743 1197 794 1254 est
811 1194 926 1280 poeta,
941 1193 1121 1250 extremam
1136 1175 1235 1277 pallae

158 1331 287 1414 partem
303 1314 340 1385 in
362 1313 499 1391 eandam
515 1315 762 1393 transformans.
794 1312 953 1417 Daphnes
979 1310 1048 1384 sato
1071 1310 1234 1400 instante,

161 1448 201 1535 Ι,
225 1447 295 1540 548
309 1503 319 1536 ⁹
411 1587 461 1606 .··
487 1549 606 1631 Torpor
618 1550 710 1632 gravis
724 1547 829 1631 adligat
841 1559 938 1623 artus,

245 1651 343 1713 Mollia
358 1653 513 1737 cinguntur
524 1656 605 1715 tenui
620 1654 776 1735 praecordia
792 1654 877 1715 libro.

242 1758 279 1814 ln
290 1755 421 1816 frondem
434 1759 545 1833 crines,
560 1759 590 1817 in
606 1779 699 1818 ramos
714 1756 824 1819 brachia
842 1768 984 1817 crescunt.

245 1861 318 1937 Pes,
333 1862 420 1923 modo
436 1876 493 1924 tarn
505 1864 603 1941 velox,
617 1864 705 1948 pigris
717 1863 858 1924 radicibus
870 1863 962 1925 haeret
974 1887 981 1923 :

246 1968 307 2029 Ora
322 1991 455 2030 cacumen
467 1969 544 2044 obit;
557 1983 684 2032 remanet
699 1971 777 2033 nitor
790 1993 866 2033 unus
880 1972 911 2030 in
925 1970 983 2031 illa.

167 2123 251 2198 Saxa
267 2154 373 2199 unum
390 2126 520 2202 vultum
538 2127 680 2215 habent,
699 2155 760 2201 neo
775 2144 886 2227 partes
903 2125 1165 2217 discriminatas3
1184 2131 1239 2204 ni-

166 2257 237 2331 hilo
257 2277 365 2335 tamen
379 2262 490 2336 minus
508 2263 545 2335 in
561 2290 600 2335 ea
616 2289 751 2362 qnoque
769 2260 944 2335 transitum
954 2260 1100 2361 jucunde
1114 2262 1238 2336 descri-

168 2390 238 2481 bit,
254 2395 304 2483 Il,
324 2395 414 2484 820,
433 2394 662 2490 ubi-Aglauro

248 2575 370 2660 Surgere
384 2578 498 2637 conanti
513 2590 623 2658 partes,
639 2600 825 2660 quascunque
842 2581 968 2641 sedendo

250 2681 421 2758 Flectimus,
436 2683 535 2767 ignava
548 2697 696 2765 nequeunt
710 2687 844 2770 gravitate
858 2687 978 2749 moveri.

247 2787 300 2847 Illa
314 2787 430 2868 quidem
443 2802 523 2850 recto
537 2803 646 2875 pugnat
659 2813 689 2853 se
703 2792 834 2854 attollere
850 2804 955 2853 trunco
971 2815 979 2852 ε

252 2895 309 2955 Sed
324 2917 450 2978 genuum
465 2899 598 2978 junctura
615 2898 707 2982 riget,
719 2897 867 2981 frigusque
881 2919 934 2981 per
947 2910 1023 2959 artus

251 3003 388 3079 Labitur,
403 3016 433 3064 et
444 3003 550 3085 pallent
565 3005 669 3066 amisso
687 3005 824 3086 sanguine
838 3025 929 3066 venae.

256 3150 264 3165 .
276 3150 284 3165 .
297 3151 305 3166 .
317 3149 325 3166 .
346 3110 450 3171 Letalis
461 3110 549 3170 hiems
561 3110 695 3191 paulatim
706 3109 736 3169 in
747 3123 863 3192 pectora
873 3109 968 3185 venit,

252 3214 415 3296 Vrtalesque
429 3217 487 3278 rias
501 3229 530 3277 et
541 3217 722 3298 respiramina
735 3215 844 3277 clausit.

253 3319 316 3378 Nec
332 3331 432 3379 conata
446 3318 528 3398 loqui
545 3331 602 3391 est;
620 3341 690 3396 ner,
705 3319 729 3380 si
745 3331 844 3384 conata
856 3318 976 3396 luisset,

254 3425 343 3486 Vocis
360 3423 477 3486 haberet
490 3423 562 3497 iter3
582 3446 679 3484 saxum
693 3427 749 3507 jam
763 3425 836 3485 colla
852 3426 988 3502 tenebat,

255 3534 372 3615 Oraque
384 3532 540 3597 duruerant
554 3556 561 3589 ι
580 3533 752 3617 signumque
767 3555 907 3616 exsangue
921 3533 1045 3597 sedebat.

174 3691 290 3789 Neque
298 3686 397 3765 semel
406 3686 635 3764 tantnmillum
645 3688 821 3761 transitum
830 3716 891 3789 per
899 3707 1011 3790 partes
1020 3687 1174 3764 elocutus
1183 3709 1244 3780 est,

176 3822 235 3901 aed
244 3853 319 3898 oum
327 3824 483 3902 varietate
493 3823 623 3928 sapius.
638 3823 772 3927 Etenim
783 3823 892 3911 etiam,
904 3826 962 3914 VI,
979 3823 1060 3915 303,
1072 3825 1108 3898 in
1121 3824 1245 3899 Niobe:

507 4044 535 4060 ..
548 4039 556 4059 r
577 4001 683 4062 Nullos
697 4013 795 4062 movet
807 4021 874 4062 aura
884 4001 1012 4085 capillos.

256 4106 293 4168 In
305 4106 389 4168 vultu
401 4108 484 4169 color
497 4119 542 4172 est
558 4107 618 4169 sine
633 4105 770 4190 sanguine
787 4130 795 4166 ε
811 4104 919 4170 lumina
932 4107 1043 4173 moeetis
