2618 4808
203 400 269 466 DE
300 397 473 465 OPERE
506 394 1034 467 METAMORPHOSEON.
1133 406 1152 470 3

80 539 299 626 aetnsinoerto,
308 536 444 637 scripsit
452 528 597 646 Erepptov
606 536 1153 640 pittoneCollisthenesOlyuthius,
1239 575 1253 595 ³

80 672 272 748 Aristotelis
289 670 443 758 auditor,
467 681 736 771 Μεταμορφώσεις,
757 672 937 770 Antigonus
960 673 1153 775 Carystius,

81 825 226 913 tempore
245 803 417 878 Ptolemaei
441 803 675 905 Philadelphi,
700 794 892 891 lunone,
907 804 1071 879 Nicander
1092 808 1156 880 At-

82 937 146 1012 talo
164 941 199 1011 II
217 935 352 1038 aequnlis
375 929 609 1035 Ετεροιούμενα,
635 936 867 1011 etPorthenius
891 944 1153 1038 Μεταμορφώσεις.

82 1072 185 1144 Erant
210 1071 330 1158 etiam,
351 1068 409 1169 qui
440 1086 565 1142 certum
593 1067 660 1142 sibi
686 1068 1019 1142 troussorrnationum
1049 1099 1154 1166 genus

83 1202 302 1280 enarrandum
320 1219 509 1290 sumerent,
541 1202 576 1274 in
592 1201 716 1302 quibus
735 1202 862 1287 Boeus,
895 1203 989 1300 cujus
1004 1205 1156 1277 ornitho-

84 1338 181 1434 gonia
198 1335 235 1408 id
251 1334 388 1430 agebat,
407 1352 447 1408 ut
463 1362 542 1408 oves
556 1362 672 1409 omncs
690 1335 792 1409 factos
815 1363 886 1409 esse
903 1362 943 1409 ex
961 1336 1155 1411 hominibus

84 1467 282 1542 ostenderet.
302 1462 343 1508 *'
417 1545 425 1565 ⁶

121 1601 194 1674 vSed
221 1599 330 1673 multo
353 1599 459 1697 majus
480 1598 796 1699 memorabiliusque
824 1618 911 1699 opus
940 1599 1078 1673 molitus
1103 1620 1155 1675 est

87 1729 223 1806 Ovidius.
247 1732 283 1803 ls
299 1731 388 1804 enim
405 1747 493 1804 recte
508 1730 609 1819 vidit,
628 1729 752 1804 fabulis
771 1728 840 1803 illis
862 1730 899 1802 in
918 1758 952 1803 se
971 1731 1151 1818 tenuibus,

82 1892 233 1960 magnam
248 1863 345 1936 etium
364 1839 631 1962 partem-ineptis
658 1881 757 1963 atque
783 1863 958 1952 absurdis,
983 1862 1155 1938 illecebras

84 2027 151 2074 esse
160 1997 412 2074 conciliandnsa
420 2024 560 2097 poeseos
573 1998 787 2084 ornamentis,
796 2024 816 2070 3
824 1997 1019 2071 collectione
1031 2026 1156 2088 earum,

86 2131 149 2204 nisi
166 2130 334 2217 omnium,
353 2146 440 2202 certe
457 2127 697 2229 plurimorum,
720 2128 758 2197 in
777 2154 880 2199 uuum
906 2156 1054 2227 corpus,
1081 2148 1115 2204 ct
1137 2158 1155 2203 3

83 2263 239 2336 laudibus
258 2262 406 2335 Deorum
423 2261 629 2360 heroumque
645 2256 864 2357 interpositis.
878 2258 918 2330 ld
935 2277 1044 2332 autem
1063 2277 1156 2334 tanto

84 2392 219 2490 ingenio
236 2409 397 2492 tantoque
412 2409 482 2465 orte
499 2389 631 2478 offecit,
641 2407 688 2463 -nt
699 2388 891 2462 suavissime
904 2389 1070 2464 bonarum
1084 2391 1159 2466 lite·

84 2525 193 2598 rarum
213 2523 385 2597 studiosos
407 2521 450 2594 ad
466 2519 751 2620 metamorphoseis
770 2521 1021 2616 cognoscendas
1035 2522 1154 2597 invitet

85 2675 278 2757 teneatque3
295 2655 378 2755 quin
390 2653 489 2741 adeo,
506 2671 564 2741 ut,
581 2651 768 2727 eonomine
783 2653 916 2741 audito,
936 2654 1079 2728 Ovidius
1090 2673 1158 2728 sta-

86 2791 160 2878 tim,
174 2807 334 2889 tauquam
346 2814 435 2859 uuus
448 2791 559 2859 eorum
574 2802 707 2872 auctor,
722 2793 882 2875 occurret.
896 2786 1046 2874 Etenim,
1063 2787 1155 2887 quocl

86 2922 230 3022 primum
244 2937 310 3008 est,
324 2920 519 2992 innumeros
536 2917 637 3015 hujus
648 2916 778 3013 generis
791 2916 944 3017 mythos,
963 2935 1046 3017 quot
1058 2947 1156 2992 nemo

85 3056 169 3130 sorte
186 3073 265 3130 onte
282 3082 374 3140 cerm,
392 3052 542 3152 undique
560 3051 734 3152 decerptos
752 3050 898 3147 collegit
917 3054 1034 3152 Neque
1056 3061 1157 3153 opera

86 3190 156 3288 eju‘s
172 3188 262 3260 intra
276 3184 607 3284 metnmorphoseou,
625 3211 698 3283 quae
712 3183 850 3284 proprie
869 3183 916 3257 sic
934 3182 1103 3274 (licuntur,
1117 3185 1160 3257 li-

86 3321 182 3394 mites
209 3316 381 3404 substitit,
400 3316 459 3389 sed
483 3315 550 3388 sive
566 3315 787 3416 plenitudinis
809 3343 922 3403 causa,
943 3316 1009 3389 sive
1030 3344 1157 3389 cosmo-

87 3451 203 3543 gonies
217 3447 612 3547 Grucornmrespiciens,
625 3447 660 3519 in
672 3446 857 3547 primordio
872 3447 982 3547 operis
997 3446 1157 3540 originem

87 3582 219 3671 muudi,
234 3581 435 3655 creationem
445 3579 607 3668 hominis,
623 3579 1029 3667 successionem'eetntum,
1046 3596 1156 3652 ortum

88 3715 306 3789 animantium
325 3741 365 3790 en
383 3711 480 3802 limo,
500 3729 533 3785 et
546 3709 635 3784 libro
654 3729 800 3785 extremo
815 3709 947 3784 multae
962 3708 1160 3809 Pythagorae

89 3847 218 3948 placitis
238 3845 410 3920 adsumsit.
437 3844 628 3917 Undevero
650 3841 782 3938 singula
803 3841 968 3928 hauserit,
985 3869 1089 3940 quum
1108 3856 1159 3912 tot

118 4079 132 4107 *
147 4079 216 4132 Vide
228 4082 384 4133 Mellmanm'
396 4078 549 4143 Comment.
567 4077 600 4130 de
619 4077 700 4132 causis
714 4087 741 4129 et
754 4074 903 4152 auctoribus
920 4075 1104 4157 3333333333
1125 4072 1158 4126 dc

89 4173 196 4229 mutatis
207 4172 308 4226 formis.
