2618 4808
94 358 1139 395 Q

189 526 544 636 LECTORI
580 528 1011 639 BENEVOLO

538 769 568 826 S.
584 771 616 826 Ρ.
632 771 668 824 D.

133 969 454 1056 Nicotaus
488 970 1102 1061 animosissimus.
1195 1036 1198 1041 .
1236 917 1238 921 ’

491 1227 730 1253 ιιι-Φ-

84 1523 149 1629 Ex
163 1583 204 1630 eo
225 1553 318 1656 quod
333 1555 491 1630 NASONIS
507 1553 648 1629 Carmen
664 1553 730 1628 hoc
752 1553 795 1628 do
807 1583 905 1630 rerum
928 1554 1144 1654 Trousfhrmo

81 1688 227 1776 tionibus,
261 1718 330 1763 non
355 1688 471 1764 eodem
494 1689 693 1792 inscriptum
716 1690 850 1765 nomine
876 1689 940 1764 tibi
963 1690 1143 1779 obveniat,

81 1852 143 1922 quo
157 1822 272 1924 priora
287 1821 354 1896 duo
365 1820 548 1909 volumina,
561 1850 604 1895 ne
617 1822 794 1896 credideris
806 1878 816 1911 ,
830 1824 972 1897 LEcrolt
986 1840 1145 1909 onusta,

80 1952 280 2048 transfugam
296 1983 315 2027 a
332 1951 432 2026 nobis
449 1951 607 2027 defecisse
632 1952 741 2027 virum
766 1950 898 2026 consilii
917 1953 1024 2026 nostri
1042 1953 1147 2054 parti-

79 2087 201 2189 cipem,
216 2088 405 2163 studiorum
418 2087 642 2174 hortatorem,
655 2084 945 2186 aemulatoremque
961 2085 1147 2182 diligentis-

79 2222 196 2296 simum
210 2223 242 2294 J.
258 2221 299 2295 Α.
315 2221 445 2310 AMAR,
463 2219 539 2323 qui,
557 2219 587 2293 si
598 2218 732 2321 quando
744 2249 763 2293 a
774 2217 890 2293 labore
902 2218 1049 2321 incoepto
1064 2219 1147 2293 desi-

79 2372 161 2429 stere
175 2353 218 2428 ad
234 2371 365 2454 tempus
377 2369 515 2455 propter
524 2350 748 2426 valetudinem
761 2369 917 2448 cogatur,
933 2379 997 2426 nos
1012 2380 1147 2475 quoque

80 2486 919 2603 cogatoperamterruptactpendenuarelmquere
934 2486 1037 2585 Quod
1049 2503 1148 2561 otnen

79 2620 135 2692 Dii
148 2637 296 2694 avertant
304 2649 472 2720 qu,ornm
490 2593 1037 2736 alrspreiis'mch'oalaots'ndstra,
1059 2619 1148 2696 etad

79 2751 167 2825 hunc
181 2752 269 2825 diem
278 2750 419 2825 feliciter
428 2751 511 2827 adeo
518 2732 736 2879 prdve’cta'g·
702 2771 774 2826 tot
782 2753 850 2849 fote
862 2753 929 2828 sibi
943 2752 1146 2843 laudatores,

81 2900 163 2984 quot
173 2911 262 2956 viros
269 2883 503 2957 Umversttatls
511 2852 814 2986 Gallicastudprs
783 2873 933 2990 faventes
947 2882 1147 2980 gratulatur;

82 3032 177 3116 atquc
188 3043 230 3088 ns
243 3042 326 3116 ipsis
298 3014 465 3121 [emtor
485 3013 547 3090 vel
546 3002 671 3103 iratis
662 3018 727 3118 qni
737 3045 798 3091 nec
780 3006 1003 3093 movendam
1013 3016 1149 3118 quidem

80 3145 176 3220 nobis
195 3146 279 3219 tanti
294 3144 421 3221 laboris
438 3145 580 3237 molem,
599 3148 784 3222 Dictatoria
799 3149 1012 3239 auctoritate,
1031 3177 1074 3222 ne
1099 3148 1149 3223 di-

81 3307 207 3368 camus,
225 3278 402 3354 subinvida
418 3298 549 3370 mente,
573 3282 891 3383 pronuntiaverant!

126 3413 239 3512 Hujus
260 3413 364 3509 igitur
387 3413 516 3505 laudis,
541 3445 615 3516 qua
638 3445 731 3518 spem
754 3434 948 3518 conceptam
968 3418 1090 3491 mnum
1112 3416 1149 3490 in

81 3544 214 3618 modum
230 3546 455 3646 exsuperavit,
474 3565 600 3649 partem
615 3546 796 3642 legitimam
813 3548 933 3622 referre
954 3565 987 3622 et
1004 3549 1097 3646 juvat
1117 3565 1150 3622 ct

81 3675 170 3751 decet
188 3676 357 3751 Ovidiano
377 3676 571 3780 interpreti,
596 3679 674 3778 qui,
698 3698 879 3781 postquam
898 3680 935 3751 in
953 3677 1151 3754 Praefatione

80 3810 175 3910 primi
198 3805 378 3896 voluminis
401 3826 467 3883 tam
493 3810 574 3884 scite
593 3839 692 3911 quam
716 3808 881 3906 eleganter
902 3809 1040 3883 modum
1064 3839 1151 3911 pra·

79 3940 148 4015 vius
164 3939 350 4042 aperuerit,
379 3969 447 4040 quo
465 3940 653 4036 corrigendi
677 3960 802 4016 veteres
824 3969 861 4014 ac
887 3940 1149 4043 interpretandi,

82 4071 125 4147 sio
137 4075 379 4176 interpretatus
391 4089 460 4163 est,
474 4090 514 4147 ut
527 4102 562 4148 re
572 4073 647 4176 ipsa
656 4075 816 4170 vinceret,
831 4104 930 4176 quem
939 4075 1008 4176 jam
1017 4071 1151 4174 cloquio
