2618 4808
220 363 289 429 uu
323 361 495 428 oenus
526 359 1055 430 Mu'rnuoueflosuott.
1149 352 1169 454 7²

96 503 170 576 Ubi
191 502 254 589 Io,
276 502 478 576 concedente
494 503 648 591 huone,
674 502 822 602 priorem
846 502 987 576 sormam
1008 500 1128 602 recipit
1150 530 1169 581 a

96 625 203 712 Jove,
222 626 258 713 l,
286 622 378 725 739,

337 789 387 806 ...
413 748 543 832 Fugiunt
557 768 574 808 e
591 767 714 833 corpore
726 758 810 825 setae,

183 852 302 914 Cornua
315 853 501 931 decrescunt,
515 853 549 914 fit
561 854 677 915 luminis
693 855 800 915 arctior
813 852 913 930 orbis,

183 958 372 1019 Contrahitur
384 960 490 1036 rietus,
504 958 626 1020 redeunt
639 958 808 1041 humerique
822 980 997 1041 manusque;

184 1064 359 1146 Ungulaque
375 1065 405 1124 in
422 1066 528 1145 quinos
543 1064 647 1146 dilapsa
662 1063 821 1125 absumitur
834 1085 956 1149 ungues.

184 1172 229 1231 De
245 1169 321 1231 bove
334 1169 377 1231 nit
393 1181 542 1251 superest,
556 1170 656 1231 tormae
671 1168 727 1231 nisi
743 1168 864 1246 candor,
878 1169 909 1228 in
922 1167 990 1242 illa;

184 1273 350 1359 Officioque
364 1275 469 1359 pedum
482 1272 617 1358 Nymphe
632 1288 765 1336 contenta
780 1260 904 1337 duorum

183 1380 335 1464 Erigitur,
348 1381 507 1463 metuitque
521 1381 624 1464 loqui,
637 1402 673 1442 ne
687 1401 767 1442 more
781 1382 910 1462 juvencae

183 1488 313 1574 Mugiat‚
325 1501 355 1548 et
368 1486 465 1548 timide
474 1487 560 1549 verba
573 1488 734 1549 intermissa
747 1498 879 1548 retentat.

102 1651 250 1757 Lyciacos
263 1667 395 1752 agrestes
405 1654 535 1744 Latona
547 1681 643 1727 ranas
656 1681 738 1742 esse,
748 1654 814 1740 VI,
830 1650 921 1752 370,
933 1650 1039 1751 jubet.
1055 1652 1171 1750 ltaque

516 1882 523 1897 .
538 1880 566 1898 ..
593 1841 683 1902 Juvat
695 1839 751 1901 isse
767 1838 821 1900 sub
836 1839 926 1899 undas

186 1944 226 2003 Et
238 1943 326 2004 modo
343 1954 405 2005 tota
415 1965 485 2006 ,cava
498 1943 680 2028 submergere
695 1941 821 2004 membra
833 1943 950 2024 palude,

188 2050 274 2111 Nunc
286 2049 415 2134 proferre
429 2061 531 2132 eaput,
545 2020 658 2111 iummo
676 2048 765 2109 modo
783 2049 894 2133 gurgite
911 2070 996 2126 nare,

189 2155 269 2237 Saepe
285 2176 373 2237 super
387 2153 476 2236 ripam
491 2154 583 2239 stagni
596 2152 762 2228 considere,
777 2173 853 2234 saepe

190 2260 223 2319 ln
238 2259 348 2344 gelidos
363 2259 471 2321 resilire
484 2259 560 2321 lacus
567 2297 655 2318 ·····

190 2365 254 2425 Vox
268 2386 386 2446 qnoque
400 2366 456 2445 jam
473 2385 556 2424 rauca
570 2376 633 2440 est,
649 2363 800 2445 inflataque
815 2362 888 2423 eolla
902 2374 1080 2440 tumescunt,

189 2474 309 2553 Ipsaque
322 2468 438 2531 dilatant
452 2470 563 2551 patulos
578 2470 705 2531 convicia
719 2470 817 2530 rietus.

191 2579 283 2660 Terga
296 2587 381 2658 caput
396 2588 531 2657 tangunt;
548 2575 621 2636 colla
636 2575 792 2657 intercepta
807 2574 959 2648 videntum

190 2681 275 2763 Spina
289 2681 380 2753 viret3
396 2693 515 2755 venter,
531 2701 595 2760 pars
613 2677 730 2739 maxima
746 2679 893 2760 eorporis,
908 2679 1001 2754 albet3

188 2787 364 2866 limosoque
378 2806 463 2848 norm
479 2785 583 2846 saliunt
598 2785 629 2845 iu
640 2784 754 2870 gurgite
766 2805 854 2847 ranae.

119 2949 293 3057 Ocyrrhum
312 2947 513 3022 vaticinandi
523 2947 645 3048 perita,
661 2945 805 3047 primum
817 2945 1002 3046 praesentit,
1014 2947 1065 3034 II,
1086 2943 1174 3033 561,

109 3074 177 3148 sata
193 3104 252 3149 sua
265 3106 273 3148 :

190 3260 252 3318 Jam
266 3256 336 3317 mihi
352 3254 472 3316 subduci
487 3253 570 3315 facies
584 3252 704 3312 bumana
716 3250 849 3312 videtur:

189 3366 252 3423 Jam
266 3362 346 3423 cibus
356 3360 443 3422 herba
456 3361 561 3441 plaeet;
575 3360 632 3442 jam
643 3358 705 3418 latis
720 3378 835 3419 currere
852 3359 957 3439 campis

190 3473 317 3551 impetus
335 3479 388 3529 est.

46 3671 55 3682 ι
113 3620 194 3692 Mox
211 3617 364 3719 sequitur
381 3614 521 3689 mutatio
538 3613 633 3715 ipsa:

371 3832 418 3851 ...
445 3790 514 3851 Pars
526 3801 574 3849 est
590 3800 714 3851 extrema
728 3784 851 3869 querelae

191 3898 338 3959 intellecta
349 3916 465 3978 parum,
481 3891 655 3973 confusaque
665 3888 751 3954 verba
761 3889 851 3950 suere.

190 4007 260 4066 Mox
276 4024 331 4065 nee
347 3999 433 4064 verba
449 3998 582 4080 quidem,
595 4018 648 4058 nee
663 4018 729 4077 quae
743 4016 833 4056 sonus
847 3992 894 4054 ille
908 3991 1040 4068 videtur,

191 4115 248 4174 Sed
263 4111 422 4187 simulantis
435 4129 554 4188 equamt
569 4125 714 4188 parvoque
728 4102 759 4163 in
772 4115 901 4181 tempure
917 4109 1011 4160 certos
