2618 4808
242 386 312 456 DE
335 387 503 455 OPERE
527 386 1053 457 METAMORPHOSEON.
1151 390 1187 452 ‚5

126 531 273 633 mythico.
293 532 392 603 Nune
408 530 503 603 abest
530 558 549 602 a
575 526 819 625 gratulantibus
845 548 903 603 aut
929 528 1189 605 condolentibus

126 692 223 751 unus,
245 691 345 763 quem
363 691 423 737 sua
437 662 505 736 sata
522 662 733 752 retinebant,
753 691 831 763 quae
843 663 890 736 sic
908 691 978 736 non
995 661 1079 737 male
1107 661 1192 736 rese-

126 814 257 882 mntur3
277 824 367 869 nunc
384 825 403 870 a
418 796 506 869 sacto
522 795 679 897 propiore
695 812 869 868 renarrant
880 794 994 894 priora
1010 795 1051 882 ii,
1068 794 1126 895 qui
1141 795 1190 868 rei

127 945 220 1022 gestae
235 927 466 1002 interfuerant.
482 926 653 1001 Interdum
671 927 841 1001 sententie
856 926 1063 1027 interposite
1075 925 1191 1001 adalia

125 1088 183 1132 nos
201 1059 349 1146 ducunt3
378 1088 477 1160 quam
502 1076 612 1134 tamen
632 1057 788 1153 frigidam
807 1076 841 1131 et
857 1056 1019 1158 puerilem
1043 1057 1189 1156 adsecta-

126 1191 248 1265 tionem
258 1189 404 1288 Quintil.
423 1195 506 1264 lhst.
520 1193 579 1280 IV,
591 1211 623 1279 1,
645 1218 685 1291 71
699 1247 708 1276 ‚
723 1190 892 1277 nominat,
906 1189 985 1264 licet
1001 1217 1071 1263 non
1089 1209 1188 1287 neget

123 1322 268 1395 excusari
280 1320 440 1395 Ovidium
451 1321 660 1410 necessitate,
675 1322 740 1396 hoc
752 1340 803 1394 est
814 1320 905 1418 lege,
922 1349 1020 1422 quam
1033 1321 1104 1420 ipse
1122 1321 1187 1395 sihi

123 1452 368 1552 praescripserit.
398 1454 488 1526 Loco
506 1453 677 1527 sentcntiae
690 1482 932 1554 nonnunquam
947 1453 1046 1554 plura
1062 1483 1102 1527 ex
1117 1454 1188 1528 his-

123 1585 205 1657 toria
216 1558 436 1684 repetuntur,
456 1614 598 1686 quorum
615 1615 745 1687 operes
763 1584 990 1659 dissimillima
1003 1585 1124 1685 juncta
1136 1614 1187 1659 re-

122 1718 305 1816 periuntur,
325 1736 364 1791 nt
382 1718 538 1791 Herculis
557 1719 747 1820 apotheosis
763 1737 797 1793 et
818 1718 1028 1793 Galanthidis
1046 1719 1082 1791 in
1097 1748 1188 1793 mus-

122 1848 215 1922 telam
229 1851 383 1923 mutatio.
402 1852 493 1924 Raro
502 1879 607 1925 nexus
619 1852 787 1951 reperitur
799 1881 916 1953 pamm
930 1850 1134 1952 probabilis,
1147 1870 1187 1925 ut

121 1984 172 2070 ll,
201 1981 295 2071 368,
322 1983 382 2056 ubi
408 1983 554 2079 Liguriae
584 2013 642 2057 rex
668 1985 789 2080 reginae
815 1984 997 2085 AEthiopiae
1026 1985 1186 2103 sanguine

118 2115 252 2215 junctus
269 2132 386 2190 contm
404 2116 503 2191 fidem
522 2117 683 2204 traditur;
711 2119 860 2206 etVllI,
883 2116 975 2209 548,
994 2118 1030 2190 in
1044 2146 1185 2214 geogra-

121 2250 230 2350 phiam
255 2279 295 2325 eo
322 2251 462 2325 consilio
488 2269 659 2353 peccatum
677 2269 746 2339 est,
772 2250 851 2324 dum
864 2251 995 2323 Theseo
1014 2249 1184 2352 Calydone

119 2382 265 2456 Athenas
283 2382 435 2456 redeunti
458 2382 628 2456 Achelous
643 2381 763 2456 fluvius
781 2382 948 2481 objicitur.
977 2380 1070 2456 Saltu
1094 2381 1182 2455 sacto

118 2513 164 2600 V,
191 2513 283 2613 5723
307 2513 365 2586 sed
382 2514 436 2586 vix
452 2512 532 2587 alibi
549 2514 717 2588 transitur.
743 2517 868 2588 Verum
885 2515 993 2588 omnis
1009 2513 1079 2587 haec
1100 2543 1184 2587 con-

118 2647 212 2720 nexio
227 2646 416 2720 lahularum
430 2646 550 2720 clarius
565 2646 720 2722 elucescit
732 2675 749 2720 e
762 2647 864 2736 serie,
887 2677 986 2749 quam
998 2647 1077 2722 huic
1091 2676 1184 2722 com·

117 2776 312 2851 mentetioni
323 2777 524 2877 subjecimus
535 2808 543 2852 :
556 2796 589 2853 et
598 2808 706 2880 operae
716 2779 861 2881 pretium
874 2779 968 2854 estin
981 2778 1182 2880 perlegendo

120 2940 213 3012 opere
229 2913 305 3014 ipso
323 2913 451 2988 adeam
467 2912 645 2988 attendere.

167 3047 256 3119 Hinc
272 3045 456 3135 videamus,
487 3075 553 3146 qua
569 3064 638 3120 arte
655 3046 789 3148 mythos
807 3047 854 3120 sic
871 3074 975 3122 nexos
994 3063 1095 3147 poeta
1112 3045 1182 3120 dis-

119 3179 266 3280 posuerit
282 3196 380 3280 atque
394 3181 609 3255 exornaverit.
622 3180 811 3282 Plerisque,
830 3180 888 3280 qui
901 3198 1070 3255 narrantes
1083 3180 1181 3253 indu-

119 3332 254 3403 cuntur,
273 3314 469 3388 tribuuntur
487 3343 560 3416 quae
579 3316 731 3416 personis
745 3345 860 3390 eorum
878 3316 1089 3391 conveniunt.
1106 3315 1183 3388 Sce-

118 3441 204 3520 lestae
223 3446 371 3520 Pierides
397 3464 521 3520 canunt
539 3475 611 3547 quae
626 3448 718 3520 Deos
732 3447 904 3536 dedecent,
917 3447 1019 3549 impia
1027 3444 1180 3520 Arachne

117 3578 304 3653 eorumdem
328 3577 454 3673 flagitia
481 3578 579 3667 texit;
600 3578 804 3680 Minyeides,
822 3579 940 3680 puellae
965 3577 1179 3679 petulantes,
1218 3656 1221 3661 ,

115 3706 285 3789 amoribus
292 3714 483 3788 enarrandis
494 3713 690 3810 indulgent3
710 3716 887 3817 Orpheus,
901 3714 1181 3815 Thracibuspue-

115 3873 226 3921 rorum
244 3876 388 3921 amorem
407 3846 718 3935 commendaturus,
744 3847 785 3921 de
806 3846 920 3949 pueris
946 3845 1035 3920 canit
1061 3875 1081 3920 a
1106 3845 1180 3920 Diis

116 3979 251 4055 dilectis.
265 3981 443 4057 Varietatis
461 3993 558 4056 causa
574 3980 731 4056 nonnulli
743 4010 804 4056 sua
818 3980 885 4055 sata
896 3981 962 4081 ipsi
971 3998 1124 4073 narrant,
1142 3998 1181 4054 nt

117 4113 281 4190 Arethusa
298 4131 333 4190 et
349 4113 537 4202 Achelous,
558 4142 758 4215 quamquam
781 4112 837 4188 hic
859 4113 970 4190 minus
987 4112 1183 4209 commode,
