2618 4808
168 381 210 445 28
570 374 834 447 PRAEFATIO

169 515 324 609 504-24,
349 515 517 618 Daphnen
543 517 727 614 fugientem
751 536 908 608 revocat,
932 546 1060 621 suaque
1071 523 1249 598 connubia

168 645 396 727 commendam
411 645 453 718 ab
463 673 565 746 eaque
577 644 678 741 longe
691 647 891 747 discrepant,
903 646 1039 746 quibus,
1047 650 1110 736 IX,
1126 647 1248 736 16-26,

167 770 338 846 Achelous
363 773 528 871 Dejanirae
556 774 694 874 nuptias
722 772 837 846 ambit.
866 775 907 845 ln
931 773 1090 848 omnibus
1106 774 1163 848 his
1179 791 1247 848 tam

169 916 382 992 argumenta,
409 927 511 998 quam
539 897 646 973 sorma
672 897 860 973 orationum
887 899 1041 999 personis
1065 899 1248 973 dicentium

168 1021 299 1116 egregie
316 1039 542 1121 attemperata.
578 1023 672 1098 Idem
687 1022 776 1097 valet
802 1023 842 1097 de
857 1024 1050 1127 soliloqfflu
1078 1023 1173 1124 quod
1187 1051 1249 1123 ap·

168 1143 319 1244 parebit,
346 1144 375 1217 si
404 1145 480 1245 quis
496 1174 527 1218 v.
548 1173 575 1219 c.
595 1176 688 1247 quae,
706 1149 775 1236 Ill,
796 1144 951 1248 slis-72,
973 1150 1085 1231 luno,
1111 1163 1160 1235 et,
1181 1146 1246 1232 Vl,

171 1266 352 1369 687-701,
369 1271 496 1344 Boreas
514 1300 625 1345 secum
643 1271 847 1373 loquuntur,
870 1290 904 1345 et
919 1271 1096 1374 separatim
1113 1287 1148 1344 et
1162 1269 1250 1343 inter

167 1421 203 1466 se
214 1391 336 1467 collata
348 1393 617 1470 consideraverit·
631 1398 839 1473 Narrationes
852 1396 1030 1473 nonnullas
1043 1413 1161 1472 auctor
1172 1393 1248 1468 aliis

168 1517 306 1606 tribuit,
326 1546 437 1619 eaeque
448 1537 583 1594 moratae
597 1521 678 1595 satis
691 1540 790 1609 sunt3
809 1523 951 1624 ideoque
964 1522 1072 1597 forma
1086 1516 1250 1595 dissident

170 1661 238 1717 tam
255 1673 274 1717 a
291 1673 325 1719 se
342 1645 498 1734 invicem,
518 1676 617 1747 quam
634 1649 676 1722 uh
696 1650 881 1725 ovidianis.
897 1651 997 1726 Alius
1013 1649 1106 1726 color
1124 1649 1165 1722 iis
1180 1668 1247 1731 est,

76 1784 78 1788 ’
174 1798 267 1872 que,
285 1775 356 1861 ΙΙΙ,
376 1771 560 1873 582-691,
579 1775 730 1864 Acoetes3
750 1775 851 1866 alius,
877 1807 961 1878 qun,
980 1780 1029 1866 V,
1059 1775 1247 1878 577-641,

169 1897 341 1971 Arethusa
359 1897 400 1971 de
416 1927 470 1986 se;
501 1898 601 1988 alius,
621 1929 694 2000 quae
713 1902 856 1992 AEacus,
873 1905 959 1989 vll,
989 1899 1172 1989 518-660,
1208 1900 1249 1974 de

170 2037 263 2123 peste
275 2041 308 2097 et
320 2023 574 2124 Myrmidonum
585 2055 723 2101 suorum
737 2027 882 2122 origine3
900 2026 985 2101 alius
998 2025 1159 2127 denique,
1175 2055 1250 2127 quae

174 2147 364 2248 Cephalus,
384 2151 471 2239 Vll,
491 2149 672 2251 690-862,
700 2151 740 2226 de
758 2153 915 2228 Procride
934 2183 1013 2243 sua,
1030 2154 1189 2228 referunt.
1209 2156 1252 2229 Iu

171 2276 280 2377 prima
295 2295 432 2351 nautam
442 2277 482 2350 dc
496 2278 599 2351 rebus
611 2278 680 2350 suis
695 2277 893 2371 garrientem
908 2297 942 2351 et
958 2306 1056 2352 causa
1068 2308 1127 2353 sua
1143 2279 1253 2353 fiden-

171 2420 238 2477 tem
251 2402 364 2476 audire
376 2403 439 2476 tibi
449 2401 591 2490 videris;
607 2402 750 2504 ideoque
760 2421 794 2478 et
803 2404 1008 2500 ignoscimus
1022 2405 1116 2482 facile
1129 2425 1248 2508 poete,

173 2527 265 2628 quod
284 2527 434 2602 Penthea
450 2525 671 2602 furibundum
693 2528 804 2626 longis
831 2529 898 2603 illis
924 2531 1122 2626 ambagibus
1148 2561 1244 2606 aures

171 2653 377 2754 prebentem
403 2652 509 2726 finxit.
535 2652 651 2728 Altera
679 2655 890 2756 simplicitate
915 2673 967 2731 est
982 2657 1173 2758 conspicua.
1206 2660 1246 2730 ln

172 2781 455 2856 ultimaadfectns
473 2780 670 2856 tenerrimus
686 2801 875 2858 narrantem
893 2783 934 2858 ab
952 2783 1049 2859 initio
1075 2814 1183 2885 nsque
1208 2784 1250 2858 ad

170 2908 274 2983 finem
291 2907 442 2996 deducit,
468 2907 684 3009 studiumque
705 2909 847 2983 venandi
866 2908 1054 2983 interlucet.
1078 2910 1251 2984 Narratio-

167 3037 279 3132 nibus
295 3035 501 3136 interpositae
519 3053 598 3109 sunt
610 3034 782 3124 locorum,
798 3034 973 3109 hominum
994 3063 1173 3135 rerumque
1196 3035 1250 3109 de-

170 3164 365 3266 scn'ptiooes,
387 3192 460 3264 quae
475 3161 710 3252 multitudine,
734 3163 890 3239 varietate
917 3180 951 3237 et
973 3165 1164 3264 prestantia
1189 3194 1248 3240 sua
1277 3147 1285 3159 Ἰ

172 3319 244 3365 non
260 3287 411 3383 exiguam
428 3285 538 3387 operis
555 3306 686 3388 partem
703 3287 861 3364 efficiunt.
889 3289 1113 3390 Quocumque
1131 3290 1248 3365 oculos

175 3415 438 3503 circumtuleris,
454 3415 695 3517 descriptiones
714 3415 775 3488 tibi
795 3431 971 3488 occurrent
989 3414 1055 3489 sive
1072 3415 1249 3512 imagines,

170 3573 251 3647 ,quae
276 3561 308 3618 te
334 3542 506 3616 advertent
532 3558 566 3614 et
587 3541 757 3616 tenebunt
784 3539 997 3615 Phantasiam
1022 3560 1130 3641 puetae
1149 3542 1186 3616 in
1210 3544 1250 3616 iis

175 3670 298 3744 enitere
313 3669 381 3768 jam
396 3695 498 3768 supra
516 3665 651 3750 monui,
678 3665 737 3741 sed
763 3684 797 3740 et
819 3665 982 3764 judicium
1005 3667 1077 3765 ejus
1102 3667 1137 3741 in
1168 3667 1250 3742 deli·

175 3794 293 3890 gendis
310 3792 487 3895 partibus,
507 3819 546 3865 ex
577 3790 701 3891 quibus
724 3789 884 3886 imagines
912 3792 1127 3893 composite,
1149 3794 1250 3893 atque

175 3919 242 3994 vim
267 3919 431 4020 poeticam
453 3917 548 3992 iniis
571 3916 770 3991 exornandis
791 3916 944 3992 admirari
973 3919 1061 3993 licet.
1094 3919 1134 3992 ln
1157 3919 1248 4015 regia

177 4044 285 4133 Solis,
301 4048 354 4133 ll,
377 4043 510 4133 25·30,
528 4072 597 4118 non
621 4072 739 4117 aurum
764 4072 881 4118 rursus
902 4044 1005 4119 nobis
1027 4063 1061 4118 et
1083 4073 1249 4146 pyropum

179 4169 436 4262 ostendimsed,
450 4187 490 4246 ut
501 4197 680 4272 personas,
694 4168 809 4260 Diem,
826 4171 997 4262 Mensem,
1010 4169 1169 4258 Annum,
1189 4169 1250 4251 Se,-
