2618 4808
82 340 1148 425 Mlfflfflmfflssmfflmffl

381 567 831 711 anrirro

111 855 189 939 DE
224 848 432 939 OPERE
468 849 1119 965 METAMORPHOSEON‚

211 1074 447 1137 AUCTORE
468 1074 642 1137 GOTTL.
665 1077 804 1139 Ennm.
832 1079 1045 1143 GIERIG..

639 1228 643 1243 ¹
787 1236 792 1249 r

493 1265 736 1293 ¹*—

85 1568 181 1674 RES
197 1598 509 1698 antiquissimorum
524 1598 714 1672 Graecorum
723 1598 824 1674 ferme
836 1626 969 1689 omnes,
980 1600 1150 1674 civitatum

85 1731 244 1826 origines,
259 1729 327 1802 sata
339 1746 373 1802 et
382 1728 469 1802 lacta
477 1728 635 1819 heroum,
647 1731 862 1831 Deorumqne
871 1730 1066 1827 religiones,
1077 1731 1154 1832 phi-

84 1859 317 1962 losophemata
332 1859 450 1948 etiam,
466 1888 589 1958 quum,
606 1877 646 1933 nt
657 1861 693 1934 in
706 1860 783 1935 rudi
797 1879 896 1957 gente
907 1880 942 1936 et
954 1863 989 1936 in
1002 1891 1154 1939 sermone
1180 1963 1184 1970 .

84 1995 235 2068 nondum
253 1991 407 2081 exculto,
423 1991 548 2092 sobolis
570 2011 680 2066 essent
701 1992 878 2083 involutae,
907 1995 1007 2094 primi
1022 2014 1152 2097 poetae,

84 2127 148 2223 jam
168 2142 245 2199 ante
262 2125 448 2197 Homerum
464 2141 498 2198 et
512 2123 718 2212 Hesiodum,
742 2124 783 2196 iis
799 2125 887 2198 varie
904 2126 1084 2200 tractandis
1103 2127 1154 2199 in·

85 2257 180 2351 genia
209 2271 448 2343 exercuerunt;
476 2254 666 2354 hommque
695 2254 837 2349 vestigia
867 2273 1060 2355 presserunt
1087 2274 1154 2330 tam

85 2390 209 2491 quibus
224 2407 343 2488 postea
360 2389 559 2481 theogonias
577 2406 677 2486 atque
696 2390 931 2483 cosmogonias
955 2418 1152 2491 componere

83 2522 228 2622 placuit,
247 2546 348 2620 quam
362 2519 422 2618 qui
434 2515 557 2619 Cyclici
570 2515 651 2590 dicti
663 2535 751 2590 sunt.
768 2521 878 2619 Lyrici
895 2523 993 2595 etiam
1006 2523 1150 2622 hymnos

83 2655 119 2725 in
136 2656 228 2726 Deos
241 2651 423 2751 laudesque
440 2650 581 2724 heroum
596 2648 720 2724 fabulis
736 2669 959 2741 exornarunt,
974 2670 1007 2727 et
1018 2655 1152 2750 Tragici

84 2785 269 2859 dramatum
294 2811 433 2857 suorum
457 2798 652 2877 argumenta
674 2780 753 2855 inde
769 2783 974 2884 repetierunt
991 2787 1151 2859 certatim.

84 2921 199 3019 Neque
220 2934 397 3018 poetarum
420 2915 565 3010 ingeniis
581 2913 787 3015 solisampla
809 2913 867 2988 illa
882 2916 1018 2990 materia
1034 2935 1085 2990 est
1101 2949 1154 3002 re-

84 3050 176 3141 licta3
196 3050 255 3124 sed
274 3066 350 3123 ante
365 3066 399 3123 et
415 3049 501 3123 circa
511 3046 598 3122 bella
611 3076 688 3122 eum
700 3047 811 3121 Persis
830 3066 921 3143 gesta
937 3049 1153 3141 exstiterunt,

87 3185 157 3285 qui,
175 3201 215 3257 ut
227 3181 336 3278 gentis
347 3208 414 3273 suae
426 3179 573 3274 origines
586 3178 784 3267 conderent,
798 3179 928 3254 fabulas
938 3180 1028 3269 illas,
1041 3182 1154 3282 quales

87 3337 178 3393 erant
195 3347 215 3390 a
229 3315 415 3415 majoribus
432 3313 578 3401 traditae,
596 3312 825 3386 voluminibus
839 3312 1153 3412 complecterentnr;

86 3453 121 3525 in
140 3452 266 3553 quibus
284 3448 499 3536 Pherecides,
516 3445 694 3520 Acusilaus
712 3447 877 3541 Argivus,
895 3449 1067 3522 Hecataeus
1086 3449 1154 3521 Mi-

86 3583 195 3674 lesius,
207 3601 243 3658 et
251 3577 693 3655 Hellanicusinclaruerunt.
707 3575 887 3651 Illamvero
898 3576 1086 3653 fabularum
1096 3609 1155 3654 an·
1267 3594 1270 3601 '

86 3718 226 3817 tiquitus
244 3712 443 3789 traditarum
465 3709 682 3805 farraginem,
702 3738 769 3809 qua
793 3727 863 3783 tum
888 3712 996 3784 omnis
1013 3710 1155 3788 historia

86 3879 188 3946 graeca
212 3843 471 3930 continebatur,
488 3870 549 3915 nec
565 3842 683 3915 seriori
702 3859 850 3942 tempore
868 3844 1079 3943 abjecerunt,
1098 3848 1157 3949 qui

85 3984 226 4056 remma
244 3976 355 4075 gentis
373 4003 439 4049 suae
457 3973 649 4048 auctoribus
666 3990 831 4068 gestarum
848 3976 1013 4050 memoriae
1031 4007 1156 4053 consu-

85 4114 151 4190 lere
166 4100 356 4211 roluerunt.
374 4109 444 4183 Tot
457 4107 560 4207 igitur
573 4106 775 4208 scriptorum
792 4104 912 4223 studiis
929 4106 986 4183 illa
1001 4109 1074 4212 ipse
1087 4111 1156 4188 far-

215 4243 294 4314 Ill.
977 4266 989 4307 r
