2618 4808
167 391 204 434 10
554 355 848 435 PRAEFATIO

159 533 272 579 omnes
287 503 455 578 communi
472 503 735 605 metamorphosi
757 501 999 604 complectitur.
1023 504 1110 601 Qua
1126 505 1229 605 paulo

126 726 128 733 Ι
160 653 234 710 ante
250 634 289 709 de
305 635 391 708 saxis
409 635 492 724 dixi,
511 664 548 710 ea
565 636 652 710 etde
666 664 752 736 aqua
768 633 885 710 valent.
906 633 973 710 Sed
983 635 1019 706 in
1028 634 1129 734 hujus
1140 665 1230 737 quo-

160 798 224 869 que
239 769 437 844 uniformem
447 787 598 844 naturam
608 769 810 845 mutationes
823 769 967 844 suaviter
976 787 1097 844 narrat.
1110 767 1225 876 Quor,

101 895 104 901 ⁶
159 903 207 991 V,
226 903 319 997 428,

240 1106 290 1126 ...
312 1067 442 1141 Quarum
453 1064 546 1126 fuerat
557 1085 691 1147 magnum
707 1065 795 1125 modo
809 1086 934 1141 numen,
948 1064 980 1125 in
995 1063 1057 1124 illae

238 1171 418 1245 Extenuatur
431 1192 517 1250 aquas
530 1169 654 1232 :molliri
669 1170 794 1233 membra
808 1171 934 1247 rideres,

239 1275 312 1335 Ossa
328 1275 385 1356 pati
401 1275 503 1349 flexus,
517 1297 628 1360 ungues
641 1274 771 1356 posuisse
785 1276 912 1361 rigorem
927 1299 935 1335 τ

238 1381 388 1461 Primaque
403 1381 438 1442 de
454 1393 515 1442 tota
529 1381 695 1442 tenuissima
709 1403 831 1462 quaeque
846 1381 1025 1462 liquescunt,

240 1485 363 1547 Caerulei
378 1487 486 1563 crines,
499 1485 656 1570 digitique,
666 1499 697 1547 et
708 1509 808 1563 crura,
819 1487 980 1568 pedesque3

238 1594 312 1653 Nam
325 1592 417 1654 brevis
430 1594 460 1653 in
472 1593 577 1677 gelidas
588 1593 722 1656 membris
733 1594 852 1655 exilibus
862 1595 952 1656 undas

239 1698 389 1759 Transitus
404 1711 447 1760 est
458 1721 465 1758 :
476 1710 544 1780 post
557 1692 618 1761 haec
635 1712 822 1784 tergumque,
836 1700 1023 1781 humerique,
1035 1699 1181 1782 latusque,

240 1808 417 1888 Pectoraque
432 1807 462 1866 in
479 1819 579 1869 tenues
595 1807 701 1869 abeunt
718 1807 832 1871 evanida
845 1809 933 1871 rivos.

235 1913 369 1994 Denique
385 1938 439 1996 pro
455 1914 521 1978 vivo
535 1917 644 1978 vitiatas
656 1918 792 2001 sanguine
806 1938 891 1978 venas

238 2021 369 2102 Lympha
383 2020 473 2098 subit,
487 2035 631 2104 restatque
645 2024 734 2101 nihil,
751 2023 831 2104 quod
843 2023 981 2105 prendere
994 2023 1096 2107 possis.

158 2158 254 2262 Tolle
270 2160 370 2236 verba
387 2163 475 2237 Nam
490 2161 586 2248 breuis
613 2208 652 2221 -
673 2164 710 2238 T
707 2163 838 2238 transitus
852 2178 919 2249 est,
948 2162 1073 2264 quibus
1089 2162 1226 2238 minime

159 2324 246 2397 opus
259 2314 346 2387 erat,
362 2297 535 2398 etreliqua
549 2297 702 2399 praeclare
714 2297 893 2373 sehabent.
907 2292 1055 2387 Rursus,
1070 2299 1114 2388 V,
1130 2296 1201 2370 632
1216 2354 1224 2386 ,

158 2431 326 2508 Arethusa
342 2431 382 2506 de
399 2461 454 2506 se:

240 2579 373 2672 Occupat
387 2589 518 2651 obsessos
532 2590 620 2651 sudor
636 2592 705 2652 mihi
721 2591 839 2677 frigidus
852 2606 947 2670 artus,

241 2697 439 2776 Caeruleaeqrte
454 2695 558 2756 cadunt
571 2709 635 2759 toto
648 2699 681 2758 de
696 2720 818 2781 corpore
833 2713 939 2784 guttae3

240 2804 363 2884 Quaque
377 2801 476 2883 pedem
492 2802 586 2879 movi,
602 2815 696 2864 manat
706 2804 788 2865 locus
798 2850 808 2882 ,
820 2826 894 2886 eque
911 2804 1017 2887 capillis

236 2915 300 2973 Ros
316 2912 398 2972 cadit

159 3057 331 3132 Interdum
340 3055 503 3131 nonnulla
510 3055 596 3132 fiunt
608 3058 696 3132 inter
706 3057 936 3147 mutationem,
948 3074 1006 3132 aut
1012 3056 1227 3158 proferuntur

161 3192 202 3265 ah
218 3192 276 3280 iis,
295 3221 381 3293 quos
397 3192 503 3267 saturn
517 3190 602 3268 illud
615 3194 796 3296 opprimit,
815 3211 854 3267 ut
865 3195 926 3282 IV,
947 3191 1016 3294 575
1031 3221 1126 3295 sqq,
1146 3193 1225 3266 dum

163 3323 300 3400 Cadmus
315 3344 350 3401 et
365 3328 541 3403 Harmomiz
557 3348 728 3432 serpentes
743 3330 845 3419 liunt3
860 3347 894 3404 'et
905 3332 972 3418 IX,
990 3327 1076 3417 355,
1090 3329 1225 3429 Dryope

161 3461 271 3535 arbor.
291 3462 379 3536 Sunt
396 3465 494 3538 etiam
510 3464 651 3554 sabula,
669 3466 704 3538 in
723 3463 846 3567 quibus
859 3464 1018 3539 transitus
1029 3465 1101 3566 ipse
1111 3464 1226 3566 paucis
1280 3550 1282 3555 Ι

160 3614 374 3686 memoratur,
395 3597 453 3672 sed
466 3598 702 3700 descriptionis
715 3598 789 3673 loco
807 3599 1010 3699 comparatio
1027 3598 1169 3672 additur.
1184 3598 1224 3671 Id

162 3731 258 3831 quale
276 3732 334 3820 sit,
353 3759 393 3805 ex
405 3733 475 3820 IX,
491 3729 643 3832 219-25,
663 3749 697 3804 et
710 3729 795 3819 266,
814 3710 1035 3825 intelligitur:

237 3907 338 3985 thue
352 3926 446 3967 novus
461 3897 593 3987 serpens,
607 3904 701 3987 posita
716 3903 867 3987 compelle
881 3918 1011 3985 senecta,

236 4009 392 4071 Lrtxuriare
406 4009 494 4087 solet,
509 4030 680 4090 squamaque
695 4008 785 4072 virere
800 4011 926 4082 recenti3

239 4111 287 4172 stc
303 4110 352 4174 ubi
366 4112 499 4177 mortales
511 4110 682 4194 Tirynthius
696 4112 773 4175 exuit
783 4124 879 4188 artus,
