2618 4808
117 379 162 445 26
363 402 367 411 ’
520 376 791 447 PRAEFAt'to

117 517 170 592 Cf.
194 519 267 606 ΙΙΙ,
293 516 340 605 53·
360 517 462 605 VIII,
484 518 572 618 477,
590 521 658 604 ΙΧ,
681 516 762 609 408.
785 518 855 590 Nee
876 514 1007 616 placent
1022 518 1059 593 hi
1072 512 1195 612 lusus,

115 645 186 733 vt,
203 641 291 730 560,
306 640 419 738 lingua
435 659 560 717 resecta
574 643 704 716 moriem
719 640 854 716 domim
868 642 999 741 vestgio
1015 645 1145 744 quoerit,
1165 664 1200 721 et

116 799 212 845 versu
231 769 317 871 708,
334 767 475 844 volando
488 771 603 844 Boreae
614 784 754 842 urserunt
766 768 877 868 agitati
876 768 996 869 firmius
1012 772 1105 871 grtes.
1125 775 1198 871 Qui

116 894 251 997 proprie
266 894 422 969 dicuntur
434 894 544 990 ignes,
560 892 703 967 volando
719 893 852 993 quidem
868 893 1043 969 ardescunt
1056 895 1196 987 fortius,

116 1024 309 1095 nouantem
328 1018 396 1108 illi,
415 1048 500 1120 quos
513 1047 603 1093 nunc
623 1036 722 1120 poeta
737 1016 902 1115 intelligit.
932 1062 971 1079 -·
988 1024 1076 1110 XII,
1103 1021 1197 1118 614,

115 1145 307 1248 praeclarum
315 1145 765 1247 praeeessemtepiphonema,
777 1144 832 1219 eui
841 1163 951 1220 autem
961 1143 1200 1251 lususineptis-

117 1271 221 1346 simus
245 1265 439 1371 subjicitur,
465 1286 603 1344 annotat
620 1271 713 1345 Deus
733 1269 834 1356 idem,
860 1270 1000 1373 idemque
1018 1291 1199 1350 cremarat:

116 1395 287 1470 Vulcanus
301 1425 390 1470 arma
407 1395 477 1494 ejus
492 1395 723 1484 fabricaverat,
746 1412 783 1470 et
798 1395 886 1492 ignis
908 1425 1030 1498 corpus
1048 1397 1121 1496 ejus
1135 1399 1198 1474 ab·

117 1536 289 1594 sumserat.
304 1519 473 1622 Halcyone
485 1521 594 1594 mariti
607 1520 813 1618 naufragium
827 1539 996 1609 metuens,
1013 1539 1046 1594 et
1056 1523 1200 1618 graviter

119 1645 254 1735 (foleus,
273 1650 344 1735 ΧΙ,
366 1673 437 1747 700
453 1676 461 1719 :
479 1649 578 1722 Nunc
589 1648 697 1721 absens
713 1675 822 1747 pereo,
838 1647 945 1750 litetur
959 1646 1198 1750 uuucfluctibus

16 1797 18 1800 ·
116 1771 242 1857 absens,
272 1770 323 1844 Et
339 1771 403 1845 siue
421 1800 469 1845 ure
489 1800 538 1845 me
549 1788 665 1873 pontus
685 1771 799 1858 habec-
829 1801 903 1873 quae
926 1772 1062 1868 argutiae
1089 1771 1198 1847 multo

101 1974 104 1981 ,
118 1895 296 1971 deteriores
312 1896 409 1970 etiam
427 1913 506 1971 sunt
523 1897 608 1986 illis,
634 1906 716 1999 quas
727 1896 863 1972 Thisbae
884 1895 1014 1970 tribuit.
1032 1895 1145 1972 Etiam
1162 1897 1197 1971 in

116 2020 193 2096 lusu
211 2023 388 2098 verborum
406 2022 537 2099 lascivia
557 2025 627 2123 ejus
642 2023 766 2125 passim
779 2022 934 2096 cernitur.
960 2066 1000 2080 -
1016 2025 1086 2113 XI,
1107 2023 1196 2117 484,

116 2145 222 2238 loco,
267 2181 334 2252 quo
361 2150 471 2227 studia
499 2170 675 2226 nautarum
702 2150 738 2223 in
765 2148 1021 2250 praesentissimo
1048 2146 1198 2250 periculo

118 2277 246 2374 egregie
272 2297 449 2367 notantur,
476 2278 570 2378 egerit
592 2274 794 2376 hicstuctus,
824 2276 987 2376 eruiturque
1012 2273 1147 2375 restandi!
1166 2275 1197 2346 io

117 2429 231 2502 rupuar.
250 2446 290 2458 -
303 2406 391 2492 XII,
412 2401 501 2503 493,
523 2403 663 2476 caeneus
676 2428 786 2475 ensem
801 2400 933 2502 corpori
944 2397 1059 2474 hostili
1070 2398 1199 2473 immis-

119 2557 192 2603 sum
205 2558 305 2602 manu
319 2557 451 2604 versans
464 2529 580 2603 vulnus
591 2528 623 2602 ia
637 2525 853 2627 uuhreresecit.
870 2526 985 2626 Atque
1000 2522 1199 2624 repetitione

118 2651 296 2726 verborum
309 2653 421 2754 inepta
436 2652 615 2753 sepissime
629 2649 736 2740 ludit,
753 2679 855 2752 eaque
871 2665 964 2723 tanto
977 2644 1082 2742 magis
1100 2645 1201 2720 offen·

119 2780 189 2869 dit,
218 2780 351 2882 quando
369 2779 404 2852 in
422 2780 534 2854 eadem
550 2776 663 2853 fabula
678 2776 755 2880 plus
776 2774 876 2851 semel
893 2771 1046 2849 occurrit.
1069 2813 1108 2826 —
1131 2773 1199 2859 lv,

125 2906 284 3010 170-195
299 2933 307 2976 :
324 2907 416 3008 Cepit
426 2906 649 2981 mnorSolcm:
663 2904 748 2979 Solis
760 2902 921 3004 reseremus
928 2924 1055 2973 maures.
1072 2938 1112 2952 -
1123 2896 1202 2970 Pn'-

120 3064 188 3110 mus
206 3035 273 3109 Hic
300 3033 414 3108 vidisse
434 3034 557 3108 Deus:
579 3029 667 3106 uidet
686 3030 736 3105 hic
759 3030 853 3104 Deus
872 3027 974 3102 niuniu
991 3025 1121 3125 prunus.
1158 3064 1197 3079 --

122 3159 158 3235 T
156 3174 236 3234 ectus
250 3159 305 3260 qui
317 3158 399 3232 lusit
413 3184 552 3245 maures,
579 3155 689 3230 Ludit
708 3184 811 3230 maore
826 3153 909 3255 puri.
934 3192 972 3206 —
996 3149 1079 3223 Tuis
1098 3173 1203 3222 ornnes

122 3286 178 3387 qui
193 3300 290 3360 terras
305 3285 424 3386 ignibus
441 3284 521 3368 urei,
549 3282 658 3356 Ureris
677 3281 746 3382 {poe
765 3307 841 3354 uoco
851 3308 865 3364 ;
887 3275 996 3377 quique
1014 3272 1118 3346 cronia
1135 3301 1202 3346 eer-

121 3408 318 3494 neredebes,
337 3405 531 3483 leucothoes
548 3421 675 3506 spectus.
697 3402 863 3478 Puerilem
875 3396 1128 3474 adfectationem
1140 3396 1203 3471 ista

121 3534 269 3623 habent;
295 3533 331 3608 in
356 3531 480 3635 quibus
505 3547 614 3604 tamen
640 3527 801 3630 placuisse
827 3523 892 3600 sibi
915 3539 1015 3625 poeta
1042 3519 1201 3594 videtur:

121 3689 232 3764 neque
245 3661 327 3737 adeo
344 3675 513 3759 cumputo
524 3671 728 3730 resecturum
738 3652 838 3729 fuisse
850 3649 945 3738 talia,
960 3647 988 3723 si
997 3645 1048 3719 veI
1061 3645 1203 3720 maxime

123 3804 299 3862 retractare
329 3812 415 3887 opus
439 3780 614 3885 potuisset.
644 3782 796 3876 Rogatus
821 3775 908 3851 euim
932 3769 1134 3874 aliquando,
1164 3787 1204 3844 ut

123 3913 264 3999 Seneca,
290 3909 437 3984 boclam.
454 3908 512 3995 II,
541 3903 662 3993 refert,
689 3903 732 3978 ab
757 3899 890 3989 amicis,
917 3915 958 3972 nt
979 3895 1111 3970 tolleret
1136 3909 1204 3966 tres

124 4064 259 4125 versus,
286 4036 404 4137 petivit
422 4033 581 4122 invicem,
609 4048 649 4106 ut
667 4047 734 4106 tres
759 4028 945 4130 exciperet,
974 4023 1010 4096 in
1029 4049 1114 4123 quos
1137 4017 1206 4092 iltis

126 4158 212 4238 nihil
224 4159 348 4235 liceret
363 4159 637 4262 Conscripserunt
647 4153 715 4247 illi,
733 4182 819 4256 qnos
832 4149 906 4227 tolli
918 4146 1060 4241 vellent3
1076 4161 1205 4222 secreto
