2618 4808
118 381 165 463 »Ι
502 382 791 450 PRAEFATIO

115 535 150 593 et
167 544 240 619 quac
257 516 355 617 plura
371 536 567 618 sequuntur.
600 519 756 621 Myrrha,
784 521 835 606 X,
855 517 950 611 455,
1010 576 1012 581 .

196 656 383 750 Nutricisque
397 691 512 730 manum
526 671 597 733 laeva
609 683 706 745 tenet;
723 671 809 733 altera
825 682 908 732 motu

197 769 319 831 Coecum
332 769 389 832 iter
397 769 527 850 explorat
542 793 551 830 a
562 769 676 830 thalami
690 773 745 852 jam
756 770 852 831 limina
865 771 956 852 tangit
967 790 975 841 ;

196 869 319 949 Jamque
333 867 409 929 tores
425 868 532 950 aperit,
548 871 602 950 jam
617 869 732 931 ducitur
747 871 826 931 intus
841 894 848 931 ε
864 884 892 931 at
909 870 950 930 illi

195 966 309 1048 Poplite
320 959 456 1028 succiduo
472 971 564 1050 g'enua
576 969 767 1045 intremuere,
782 981 836 1030 etc.

116 1097 293 1168 Innumera
310 1091 384 1165 loca
401 1076 653 1168 transcribenda
670 1112 795 1184 essent,
816 1095 844 1168 si
859 1095 971 1169 onmia
984 1090 1112 1169 adferre
1125 1095 1195 1170 vel-

116 1218 202 1305 lem,
222 1246 295 1319 quae
309 1217 371 1290 hac
384 1246 418 1292 se
430 1218 551 1293 virtute
568 1222 811 1296 commendant.
832 1224 877 1296 Et
886 1221 1069 1295 innumeris
1082 1222 1194 1296 modis

116 1341 289 1437 ingenium
300 1342 493 1430 ostentavit,
507 1343 612 1432 aliter,
627 1348 695 1435 III,
714 1345 803 1435 380,
821 1348 856 1421 in
873 1346 1019 1421 Narcissi
1033 1363 1067 1420 et
1079 1346 1195 1420 Echus

119 1466 306 1567 colloquio;
321 1467 425 1556 aliter,
437 1471 519 1558 VII,
540 1469 627 1559 813,
646 1471 680 1543 in
698 1471 841 1572 Cephali
858 1470 1037 1557 cantilena3
1051 1469 1149 1545 aliter
1161 1473 1197 1545 in

122 1597 336 1670 conversione
352 1597 509 1697 quadam,
529 1600 564 1686 Ι,
585 1625 665 1698 7⁰⁰·
684 1599 787 1672 Mitto
798 1599 976 1673 sententias
986 1598 1195 1693 ingeniosas,

121 1724 245 1829 qualis,
263 1729 312 1814 II,
337 1725 507 1827 13,suc1'es
523 1757 583 1801 non
600 1729 738 1802 cruribus
754 1758 831 1816 unu,
860 1732 931 1804 Nec
941 1729 1057 1804 dr'uersu
1072 1744 1192 1814 tmueu,

120 1854 240 1955 quolam
253 1853 338 1926 decet
355 1881 575 1927 assecuturum.
595 1854 650 1928 Ad
663 1883 700 1927 ea
716 1873 967 1955 praevertamur,
987 1884 1060 1956 quae
1077 1856 1196 1930 vitiose

120 1979 156 2051 in
172 1977 236 2051 hoc
251 2008 369 2074 genere
388 1973 429 2053 ab
447 2009 486 2053 eo
505 1980 630 2080 scripta
646 1997 735 2053 sunt.

169 2108 297 2206 Nempe
315 2106 455 2179 luxunut
467 2123 501 2180 et
512 2105 641 2181 lascivit
652 2106 723 2205 cjus
735 2103 886 2204 iigenium
901 2131 970 2176 non
982 2132 1074 2197 raro,
1091 2133 1195 2204 quum

120 2261 181 2306 nec
198 2230 335 2305 modum
350 2232 386 2305 in
403 2231 505 2305 rebus
523 2230 722 2304 exornandis
740 2245 865 2315 teneat,
888 2257 949 2302 nec
976 2227 1059 2328 quid
1080 2228 1197 2303 deceat
1218 2310 1220 2315 ,

123 2376 232 2444 curet3
250 2374 349 2459 quam
365 2353 529 2430 luxuriem
539 2356 604 2455 jam
619 2353 752 2441 Seneca,
765 2353 923 2427 Controv.
934 2355 1096 2443 XXVIII,
1107 2355 1143 2427 in
1157 2384 1196 2428 eo

120 2487 310 2584 vituperat:
328 2512 396 2557 non
413 2482 524 2582 minus
540 2481 628 2555 enim
643 2509 797 2575 magnam
815 2481 971 2554 virtutem
988 2508 1085 2569 esse,
1113 2483 1197 2555 scire

123 2610 291 2696 desinere,
311 2636 411 2709 quam
428 2606 511 2679 scire
529 2605 663 2680 diceres·
673 2607 754 2706 Ejus
779 2624 889 2682 autem
910 2608 982 2680 vitii
1002 2608 1192 2709 exemplum

124 2752 286 2810 memorat
302 2751 400 2833 atque
415 2732 559 2827 exagitat
571 2732 654 2806 alter
663 2731 803 2820 Seneca,
820 2735 861 2805 N.
881 2733 947 2829 Q„
965 2736 1035 2821 III,
1052 2760 1115 2834 273
1135 2734 1197 2808 ubi

124 2879 256 2947 monet,
274 2859 433 2934 Ovidium
451 2859 486 2931 in
502 2857 627 2932 diluvio
638 2857 869 2932 ¹Deucalioneo
886 2888 948 2960 pro
966 2860 1196 2955 magnitudine

123 2987 172 3063 rei
190 2985 328 3072 dixisse,
352 2983 468 3058 Omnia
476 2999 593 3084 pontus
605 2998 708 3068 erunt,
737 2983 796 3057 sed
811 3012 890 3057 mox
904 2983 1034 3078 eumad
1050 2985 1195 3085 pueriles

127 3112 270 3211 ineptias
295 3107 463 3211 delatum,
486 3112 559 3187 Nat
582 3111 673 3210 lupus
694 3110 876 3195 interulas,
907 3127 968 3184 etc.
990 3139 1084 3183 :non
1108 3113 1196 3185 enim

128 3265 198 3312 esse
216 3264 285 3308 rem
304 3235 383 3309 satis
402 3234 568 3322 sobriam,
583 3233 731 3310 lascivire
747 3235 902 3310 devorato
921 3235 1002 3309 orbe
1017 3253 1195 3323 terrarun13

126 3362 298 3460 magnifice
309 3362 435 3435 dictum
445 3389 514 3434 esse
525 3360 608 3434 hoc:
619 3361 811 3463 Exsputtirtu
821 3376 914 3434 ruunt
917 3388 977 3461 per
986 3377 1117 3462 upcrtm,
1134 3379 1194 3436 etc.

126 3490 227 3565 modo
243 3518 312 3562 non
330 3505 495 3574 curasset,
514 3484 595 3587 quid
614 3513 690 3564 oves
706 3503 740 3559 et
756 3484 829 3584 lupi
846 3485 1005 3561 fecerint:
1019 3487 1127 3561 natari
1141 3517 1197 3561 au-

127 3634 195 3691 tem
202 3616 237 3688 in
247 3614 372 3689 diluvio
383 3643 451 3686 non
461 3590 621 3713 potuisse,
631 3610 689 3686 sed
703 3609 820 3684 eodem
831 3609 958 3711 impetu
972 3640 1075 3712 pecus
1088 3641 1195 3696 omne,

130 3771 197 3843 quo
208 3759 341 3841 raptum
350 3738 468 3827 luerit,
483 3716 629 3812 mersum
639 3764 720 3810 esse.
732 3736 842 3810 Simili
855 3739 953 3826 vitio,
970 3757 1091 3840 practer
1102 3740 1196 3826 alias,

128 3862 422 3940 laborat'Narcissi
435 3861 558 3938 fabula.
573 3864 622 3935 Ut
633 3846 789 3937 Narcisso
803 3893 861 3939 sua
874 3865 993 3953 facies,
1008 3866 1056 3940 sic
1074 3867 1197 3940 ovidio

127 3994 200 4093 ejus
216 3991 344 4065 insania
361 3987 524 4091 placuisse
542 3987 683 4064 videtur.
710 3988 780 4064 Nec
792 3991 827 4064 iu
844 3991 996 4068 incendio
1014 3993 1130 4068 muudi
1145 4021 1196 4068 res
1225 4044 1227 4047 -

130 4115 245 4192 sobria
264 4133 337 4190 erat
362 4119 413 4207 ΙΙ,
434 4113 502 4188 331
519 4114 638 4213 jocari,
656 4113 796 4191 inccndio
807 4117 907 4192 lmneu
922 4118 1119 4206 Proebabuut,
1137 4121 1197 4196 uli-
