2618 4808
185 345 313 423 16,
441 381 445 388 ·
571 345 862 414 PRAEFATIO

179 482 292 572 Adde,
311 512 385 585 qua
405 483 441 557 in
455 482 682 558 Deucalioneo
707 483 834 558 diluvio
854 482 895 556 de
914 484 1007 556 Noto
1023 483 1196 573 evolante,
1216 484 1258 558 de

185 616 347 716 Neptuno
365 644 478 690 amnes
493 633 717 703 convocante,
736 615 777 688 de
791 615 930 688 Tritone
943 615 1076 710 signum
1091 613 1253 690 lluctibus

178 747 296 837 dante,
318 748 358 821 de
370 747 586 823 Deucalionis
603 745 762 847 querelis,
781 748 823 820 ab
836 776 877 822 eo
891 747 1026 820 inventa
1043 764 1132 820 sunt.
1151 747 1256 847 Spre-

177 898 269 954 verat
293 881 403 954 Niobe
420 883 583 954 Latonam
600 909 669 981 prae
686 909 743 968 se,
769 910 829 955 nec
847 881 918 982 pati
941 880 1092 973 voluerat
1111 909 1206 955 sacra
1222 882 1254 954 ei

174 1010 257 1084 lieri.
273 1011 458 1108 Quomodo
473 1011 538 1084 hoc
552 1012 703 1085 tractavit
713 1014 835 1112 poeta?
846 1015 975 1112 Nempe
985 1029 1093 1086 vatem
1105 1012 1254 1112 primum

44 1224 51 1247 x
174 1143 305 1218 inducit
315 1148 454 1218 Latonae
465 1172 556 1218 sacra
566 1144 784 1235 indicentem,
800 1164 872 1222 tum
883 1146 1018 1220 Nioben
1028 1146 1064 1218 in
1076 1143 1253 1245 publicum

175 1306 252 1351 cum
263 1276 352 1351 fastu
364 1274 606 1378 prodeuntem,
623 1294 723 1376 atque
735 1276 886 1353 oratione
896 1275 1114 1350 audacissima
1127 1304 1163 1350 se
1172 1278 1254 1351 Deae

173 1407 413 1508 praeferentem.
446 1410 493 1480 Et
518 1405 600 1507 quid
627 1405 667 1480 de
688 1406 804 1508 Ceycis
822 1424 922 1506 atque
940 1405 1129 1507 Halcyones
1146 1407 1252 1482 rebus

174 1540 307 1614 dicam?
331 1541 373 1611 In
396 1536 438 1610 iis
468 1538 699 1638 tempestatis,
729 1537 810 1611 artis
836 1538 999 1626 nautica,
1019 1537 1136 1610 Somni
1153 1540 1252 1613 Mor-

72 1764 74 1769 ?
172 1672 319 1774 pheique
330 1670 586 1771 descriptiones,
600 1689 672 1744 tum
685 1669 875 1744 adfectuum
883 1671 1073 1745 notationes
1084 1689 1251 1746 testantur

171 1803 360 1878 saecundum
377 1802 480 1877 fuisse
503 1802 618 1893 Ovidii
641 1803 678 1875 in
703 1801 901 1877 inveniendo
924 1804 1104 1899 ingenium.
1141 1806 1256 1906 Mitto·

171 1933 270 2034 plura
286 1934 425 2024 adderc;
444 1963 521 2008 nam
538 1934 691 2036 plurima
707 1931 829 2009 fabulae
843 1935 909 2008 hnc
929 1934 1082 2009 advocari
1094 1957 1246 2036 possent.

170 2066 292 2142 lllonui
307 2068 442 2168 quidem
454 2096 575 2168 supra,
591 2068 718 2142 nescire
731 2095 813 2155 nos,
834 2066 931 2166 qnid,
946 2084 980 2140 et
991 2085 1153 2168 quantum
1166 2070 1197 2144 ei
1211 2070 1247 2143 in

169 2197 293 2275 sabulis
312 2200 501 2276 excolendis
527 2200 632 2274 Graeci
649 2216 758 2300 poetae
774 2198 1055 2287 ministraverint;
1075 2200 1133 2273 sed
1151 2201 1246 2296 inge-

170 2332 264 2406 nium
289 2332 507 2433 praeclarum,
527 2330 624 2432 quale
651 2331 687 2403 in
715 2330 871 2403 omnibus
897 2331 1012 2404 Ovidii
1041 2331 1245 2408 carminibus

170 2465 292 2553 elucet,
312 2465 489 2565 impetrare
508 2493 527 2536 a
545 2492 579 2538 se
597 2493 667 2536 non
684 2480 814 2564 potest,
832 2481 887 2552 ut,
908 2464 1018 2538 missis
1037 2465 1108 2538 suis
1123 2466 1242 2556 bonis,

169 2615 327 2699 tanquam
343 2597 431 2671 fidus
448 2598 629 2697 interpres,
649 2597 733 2683 alios
751 2626 880 2698 semper
898 2598 1132 2699 subsequatur.

217 2732 296 2802 Non
311 2757 440 2803 summo
456 2729 574 2801 virium
587 2728 664 2802 nisu
678 2757 764 2830 opus
777 2758 875 2803 suum
885 2730 1035 2819 excudit,
1051 2731 1110 2804 sed
1123 2760 1141 2805 e
1153 2731 1243 2807 felici

168 2858 226 2934 illa
239 2860 366 2954 ingenii
382 2889 464 2934 vena
480 2859 627 2960 peperit,
646 2888 719 2959 quae
733 2878 820 2934 tacta
832 2861 943 2934 statim
956 2861 1132 2962 profundit
1143 2864 1242 2964 quid-

78 3074 79 3077 ,
170 2992 252 3092 quid
265 2991 307 3065 ad
320 3021 389 3066 rem
403 2990 564 3092 pertinet,
580 2991 646 3064 sive
660 2990 771 3065 soluta
782 2991 931 3065 oratione
945 2992 1068 3081 utaris,
1088 2994 1156 3069 sive
1170 3023 1241 3070 me-

169 3124 230 3199 tris
247 3124 434 3197 constricta.
454 3124 564 3197 Datur
580 3125 668 3197 enim
684 3123 750 3198 hoc
767 3123 918 3219 ingeniis
928 3125 1128 3224 quibusdam
1145 3157 1239 3203 ana·

169 3275 263 3344 tura,
277 3272 333 3344 ut,
346 3255 408 3327 ubi
422 3255 599 3329 scribendo
610 3255 840 3346 incaluerunt,
859 3256 950 3330 illico
964 3286 1078 3331 omnes
1089 3260 1137 3333 rei
1152 3278 1239 3334 trac-

169 3386 277 3461 tande
286 3403 407 3487 partes,
415 3415 526 3459 carum
536 3415 658 3460 nexum
667 3387 911 3488 verborumque
920 3389 1238 3466 involucramaxime

165 3517 289 3593 idonea
306 3517 485 3592 clarissime
502 3516 716 3634 perspiciant.
743 3517 832 3591 Hinc
850 3517 906 3591 illa
910 3518 1070 3618 facilitas,
1089 3551 1162 3622 qua·
1175 3524 1239 3595 mi-

167 3649 257 3725 rifice
284 3650 409 3752 scripta
432 3648 657 3736 commendat,
678 3648 803 3748 quibus
826 3648 1004 3724 oblectatio
1023 3653 1238 3753 potissimum

159 3783 328 3882 'quaritur
343 3813 350 3858 ε
367 3782 515 3857 eamdem
528 3799 562 3854 et
578 3809 640 3882 per
652 3798 761 3855 totum
778 3782 981 3856 Ouidianum
995 3813 1081 3885 opus
1097 3785 1238 3860 effusam

168 3913 334 4002 videmus3
352 3914 389 3989 in
406 3913 537 3988 nullum
555 3914 642 4000 enim
659 3912 836 3987 incidimus
855 3913 985 4003 locum,
1006 3915 1064 4014 qui
1081 3914 1234 4007 vultum,

167 4064 207 4119 ut
218 4045 265 4120 ita
275 4045 402 4134 dicam,
418 4046 554 4122 nitentis
570 4045 711 4136 habeat;
728 4045 787 4119 sed
803 4045 914 4120 omnia
930 4064 1085 4147 apparet,
1103 4065 1234 4122 senten·
1250 4122 1253 4127 .
