2618 4808
122 389 141 428 a
515 356 793 427 PRAEFATIO

118 531 199 598 rago
212 502 298 576 faeta
309 519 360 576 est
372 529 450 602 pars
463 529 535 575 uon
550 501 670 596 exigua
682 499 881 574 eruditionis
901 499 1107 586 Graecomm,
1124 525 1191 598 qna

119 632 243 734 passim
265 660 380 707 omnes
397 659 504 733 prope
521 631 717 732 scriptores,
734 629 951 733 philosophi,
967 628 1115 730 physici,
1136 657 1192 702 as-

120 763 285 852 tronomi,
304 763 485 866 geographi
510 762 547 836 in
568 791 638 839 rem
656 791 750 839 suam
775 780 855 836 sunt
876 761 929 835 usi
945 791 954 834 ε
972 778 1073 861 atque
1090 760 1192 835 etiam

117 896 257 989 artifices
273 897 407 999 mythos
424 895 584 997 operibus
598 895 668 969 suis
684 909 929 996 expresserunt.
949 897 967 934 *

167 1029 368 1103 Persuasum
378 1044 449 1107 erat
464 1026 604 1115 Grecis,
615 1054 716 1127 posse
730 1027 822 1100 Deos
834 1025 958 1122 figuras
975 1024 1052 1100 dare
1069 1044 1103 1099 et
1119 1025 1192 1100 adi-

118 1188 227 1246 mere3
256 1158 358 1260 idque
375 1157 492 1233 crebro
509 1186 579 1232 esse
597 1158 639 1232 ab
658 1157 700 1232 iis
716 1156 863 1246 sactum,
889 1173 928 1229 ut
948 1155 1001 1230 vel
1021 1157 1058 1230 in
1075 1175 1191 1231 sontes

118 1292 426 1380 animadverterent,
437 1289 489 1364 vel
502 1289 737 1366 laborantibus
749 1308 979 1364 succurrerent
990 1319 998 1363 :
1009 1319 1109 1390 quam
1121 1293 1192 1392 opi-

118 1424 256 1497 nionem
273 1450 292 1494 a
309 1421 558 1510 sacerdotibus,
584 1421 670 1495 fictis
693 1421 849 1523 pluribus
873 1421 1048 1522 exemplis,
1066 1423 1192 1499 confir-

119 1577 242 1633 matam
260 1586 332 1632 esse
349 1557 517 1659 latiusque
532 1586 680 1659 sparsam
698 1556 879 1637 admodum
891 1575 942 1631 est
955 1557 1128 1632 credibile:
1136 1559 1193 1633 Sic

17 1764 19 1768 ,
118 1691 244 1793 mythis
255 1689 355 1765 illatae
366 1709 446 1766 sunt
457 1689 720 1791 rnetnmorphoses,
736 1717 810 1790 quae
822 1689 1005 1791 phantasia¹
1016 1689 1194 1791 poetarum

118 1823 224 1897 latum
237 1851 390 1925 campum
403 1822 681 1925 prasternebant,
697 1852 802 1924 quum
817 1821 868 1895 illi
884 1840 918 1897 et
929 1820 1081 1918 vulgatas
1095 1852 1193 1898 exor-

120 1974 240 2031 narent
257 1955 496 2057 ingenioseque
511 1956 693 2045 variarent,
710 1973 745 2031 et
764 1984 784 2032 a
800 1983 835 2031 se
851 1955 1001 2029 inventas
1020 1955 1190 2030 adderent.

119 2087 305 2163 Sciromilam
323 2088 459 2190 quidem
471 2088 615 2165 carmine
631 2087 751 2162 lusisse
768 2086 912 2175 scimus,
930 2116 997 2188 qno
1013 2086 1196 2164 mulierum
1227 2082 1229 2086 ¹

122 2219 271 2316 origines
284 2248 348 2321 pro
366 2219 494 2315 ingenii
508 2236 628 2293 natura
641 2218 741 2291 variis
757 2245 798 2292 ex
813 2218 916 2292 rebus
933 2217 1120 2294 deduceret
1139 2223 1193 2293 Ex

121 2351 363 2452 antiquissimis
379 2349 482 2448 hujus
499 2347 632 2444 generis
648 2346 773 2443 mythis
790 2348 946 2424 Homerus
959 2349 1142 2425 nonnullos
1160 2370 1194 2425 et

122 2481 280 2557 Hesiodus
297 2497 479 2556 servarunt.
505 2473 609 2576 Apud
625 2472 720 2549 illum
736 2475 825 2549 enim
840 2504 911 2550 non
927 2479 1030 2553 modo
1049 2481 1193 2557 Proteus

122 2612 331 2691 transformis
345 2611 507 2698 occurrit,
522 2608 581 2685 sed
592 2625 625 2684 et
636 2608 736 2683 draco
749 2610 899 2711 qnidam,
909 2611 1022 2688 Niobe
1032 2632 1066 2688 et
1078 2615 1195 2690 Phaa-

123 2778 201 2825 eum
212 2747 306 2822 navis
318 2746 459 2834 insana,
476 2744 761 2824 Pandareiautem
772 2745 841 2820 filia
851 2747 887 2821 in
900 2746 1073 2825 lusciniam
1085 2769 1194 2825 trans-

122 2883 200 2957 iisse
215 2879 383 2976 leguntur.
399 2880 442 2953 Iu
457 2877 599 2953 Hesiodi
616 2877 815 2974 Theogonis
831 2897 1003 2981 amputato
1022 2883 1193 2980 Gorgonis

55 2983 59 2991 ι
123 3015 232 3117 capite
250 3008 419 3114 Chrysaor
439 3027 474 3086 et
490 3011 638 3106 Pegasus
659 3011 860 3113 prosiliunt,
879 3030 914 3088 et
936 3014 973 3088 in
996 3014 1100 3090 altero
1123 3047 1195 3091 car-

123 3151 232 3238 mine,
246 3148 339 3250 quod
350 3149 393 3222 ab
406 3147 579 3248 Operibus
593 3148 791 3250 inscriptum
802 3167 869 3238 est,
882 3149 1064 3224 Pandionis
1077 3151 1145 3228 filia
1159 3154 1194 3226 in

125 3283 339 3360 hirundinem
350 3281 613 3357 transformatur.
621 3283 734 3381 Atque
742 3281 829 3355 idem
839 3279 1110 3381 illeinCatalogo
1120 3270 1196 3360 inu-

125 3416 245 3493 lierum
262 3413 436 3516 deperdito
457 3411 564 3487 multo
582 3411 729 3513 plurium
747 3415 1060 3516 metamorphoseon
1080 3436 1197 3491 auctor

128 3551 244 3626 suerat
258 3550 335 3623 Hoc
348 3545 452 3641 igitur
463 3545 654 3646 mythorum
667 3573 771 3640 genus
785 3573 888 3646 quum
901 3564 935 3620 et
947 3547 1061 3647 ipsum·
1072 3549 1196 3624 Graecis

128 3682 288 3784 placeret,
301 3697 342 3754 ut
356 3679 414 3780 qui
424 3678 526 3753 rebus
537 3675 675 3752 ludicris
686 3678 894 3767 ducerentur,
908 3680 1121 3781 prodiemnt,
1138 3683 1197 3784 qui

128 3812 165 3887 id
181 3832 389 3910 segregatum
405 3841 425 3887 a
440 3810 578 3912 reliquis
596 3827 784 3885 mactarent.
804 3809 941 3887 &abac
951 3813 1084 3904 mulier,
1104 3817 1199 3915 cujus

163 4031 258 4087 *Vide
275 4035 373 4103 Heym'i
382 4032 537 4086 Comment.
550 4030 582 4084 de
599 4029 700 4100 origine
712 4041 739 4084 et
750 4031 832 4086 causis
843 4032 911 4086 sabb.
923 4031 1077 4099 Homeris,
1089 4032 1117 4085 in
1131 4033 1200 4090 Nor.

133 4125 316 4181 Commentar.
326 4123 377 4178 rol.
389 4124 467 4178 vtlt.
483 4124 552 4178 Item
560 4120 715 4176 Comment.
727 4121 759 4175 de
771 4122 927 4193 Apollodori
939 4121 1063 4177 Biblioth.
